3020 5104
133 717 162 762 a.
188 700 231 783 poi
253 693 301 759 Δί’
325 693 368 760 οὐ.
415 696 440 759 Ι.
468 698 517 762 10.
571 697 602 760 b.
627 699 703 778 πρὸς
725 691 840 779 Arde-9:
873 694 898 758 Ι.
925 698 980 776 133
1014 695 1054 758 ΙΙ.
1080 696 1109 776 9,
1138 695 1187 759 19.
1225 697 1302 778 arip

182 805 233 868 τὸν
265 801 335 866 Δίας
372 802 395 868 Ι.
433 805 483 869 13.
547 806 597 869 12.
630 807 678 865 ναὶ
711 805 754 888 pai
785 800 851 867 Δία.
904 804 957 868 21.
982 797 1015 864 oh
1040 804 1082 888 pi
1105 797 1171 863 Δία.

57 927 257 1011 *Anapum

120 953 158 1099 sI.
185 1040 213 1102 u.
230 1038 266 1120 νὴ
290 1038 342 1118 τὴν
360 1031 511 1121 Ἄρτεμιν.
561 1037 612 1099 11.
627 1036 662 1118 νὴ
688 1038 741 1119 τὴν
758 1031 911 1117 Ἄρτεμιν.
952 1035 1003 1098 10.
1019 1019 1061 1118 poi
1080 1035 1133 1117 τὴν
1146 1029 1302 1116 Ἄρτεμιν.

67 1158 284 1248 Ἀφροδίτης

133 1267 158 1330 Ι.
186 1272 214 1332 1.
239 1265 262 1329 ὦ
286 1271 387 1330 πότνια
411 1263 589 1352 Ἀφροδίτη.
637 1268 666 1330 8.
692 1268 729 1349 νὴ
753 1268 808 1350 τὴν
831 1261 1026 1350 Ἀφροδίτην.
1074 1263 1127 1330 22.
1153 1267 1228 1346 πρὸς
1251 1274 1311 1348 τῆςΙ

183 1370 374 1458 Ἀφροδίτης.
420 1375 472 1439 27.
496 1375 571 1457 πρὸς
594 1367 867 1458 τῆς-’Ἀφροδίτης

67 1496 186 1583 Ἥρας
211 1499 236 1562 Ι.
263 1502 312 1565 19.
335 1501 373 1583 νὴ
396 1500 450 1582 τὴν
465 1494 575 1580 Ἥραν.

66 1622 275 1687 Ἀπόλλωνι
299 1623 325 1686 Ι.
349 1625 379 1688 4.
404 1626 439 1708 νὴ
464 1625 516 1686 τὸν
540 1617 739 1702 Ἀπόλλωνας
769 1619 808 1686 ΙΙ.
835 1625 862 1685 1.
878 1619 1040 1684 Ἀπολλον
1066 1618 1260 1702 ἀποτρόπαιε.

70 1749 189 1812 Aliae
212 1746 401 1810 formulae
425 1753 524 1810 sunt:

184 1857 256 1938 πρὸς
279 1858 375 1918 θεῶνι
400 1852 424 1917 Ι.
448 1855 478 1936 5,
503 1855 561 1934 223
592 1851 633 1918 H.
657 1855 688 1928 4,
715 1855 744 1933 Ἰ,
772 1853 823 1918 15.

184 1965 219 2046 νὴ
244 1963 348 2032 θεοὸςε
373 1959 394 2025 l.
418 1961 449 2026 4.
495 1957 518 2021 ὦ
542 1961 623 2022 uisui:
648 1957 689 2022 ΙΙ.
716 1964 744 2025 l.

184 2071 218 2152 νὴ
242 2069 309 2139 τοὺς
325 2065 476 2150 Ἔρωταςε
506 2067 576 2141 17,
600 2068 654 2149 22,
679 2067 736 2147 273
761 2065 802 2128 ΙΙ.
820 2067 871 2143 13,
894 2068 944 2146 16,
966 2067 1006 2128 21
1027 2064 1080 2148 (νὴ
1098 2061 1306 2146 τὸνἜρωτοι).

184 2180 221 2262 νὴ
245 2180 286 2240 τὼ
310 2174 388 2238 derb:
413 2175 438 2239 Ι.
465 2178 515 2254 19,
541 2177 593 2241 27.

96 2291 97 2296 ’
184 2281 208 2345 ὡ
232 2294 270 2368 ti
293 2286 346 2345 uoti
368 2282 451 2346 bsai:
476 2283 517 2345 ΙΙ.
542 2285 595 2348 20.
642 2287 717 2366 πρὸς
739 2287 797 2346 τοῦ
814 2290 867 2345 οοῠ
891 2277 1095 2352 Ποσειδῶνοςε
1121 2280 1145 2346 I.
1172 2283 1200 2344 7.

184 2389 207 2451 ὡ
232 2389 299 2476 φίλε
323 2387 458 2453 Διόνυσος
483 2387 506 2454 Ι.
534 2392 583 2454 18.
629 2392 663 2474 νὴ
688 2392 742 2459 τὰς
766 2387 915 2472 Χάριταςτ
954 2387 978 2452 Ι.
1004 2389 1034 2469 3,
1062 2389 1112 2469 14,
1137 2385 1190 2451 27.

185 2500 258 2580 πρὸς
282 2505 338 2560 τῶν
363 2495 515 2579 Χαρίτωνε
540 2496 565 2558 Ι.
593 2498 643 2560 11.
690 2499 727 2581 νὴ
751 2497 806 2565 τὰς
828 2491 969 2564 Μοὺοαςε
993 2493 1033 2558 ΙΙ.
1059 2495 1090 2575 5,
1117 2496 1167 2559 19.

185 2608 221 2689 νὴ
247 2607 302 2674 τὰς
324 2599 489 2674 Κωλιάδος
513 2599 658 2690 Nippur:
683 2603 707 2668 Ι.
733 2605 763 2668 3.

186 2715 223 2797 νὴ
248 2713 302 2781 τὰς
324 2711 413 2796 φίλας
427 2708 538 2793 Ὥραςε
563 2710 587 2772 Ι.
615 2713 663 2774 11.
712 2712 746 2794 νὴ
771 2711 823 2794 τὴν
847 2705 955 2792 diuus:
980 2707 1004 2770 Ι.
1030 2709 1084 2772 21.

184 2822 219 2902 νὴ
244 2821 295 2902 τὴν
318 2814 444 2902 Armvrp:
469 2816 493 2880 Ι.
522 2803 572 2882 19.

381 3031 433 3107 D.
472 3031 540 3104 De
569 3030 779 3104 rhetorica
808 3029 1011 3103 dictione..

147 3173 196 3236 lix
233 3173 297 3238 iliis
334 3174 398 3238 iam
438 3171 610 3257 exemplis,
653 3191 735 3253 quae
773 3170 879 3235 adhuc
918 3170 1188 3252 enumeravimus,
1228 3170 1307 3234 satis
1421 3227 1424 3237 ,
1508 3189 1509 3248 3

76 3280 528 3363 intellegiturAristaenetum
552 3299 684 3364 operam
708 3277 847 3355 dedisse,
873 3284 907 3342 ut
930 3277 1115 3360 praeceptis
1139 3275 1308 3362 rhetoricis
1329 3361 1331 3364 Ι

76 3387 298 3468 satisfacerem
332 3386 460 3455 aceedit
484 3393 593 3451 autem
616 3405 736 3468 magna
760 3386 855 3468 nupia
878 3384 1004 3452 illorum
1037 3381 1242 3448 artificiorum
1276 3389 1309 3446 et

75 3495 263 3577 figurarum,
298 3515 381 3576 quae
410 3493 497 3580 apud
526 3513 636 3558 omues
665 3493 809 3558 rhetores
836 3494 869 3556 iu
898 3491 1023 3556 deliciis
1051 3497 1143 3555 erant
1174 3496 1207 3555 et
1239 3489 1308 3553 ubi·

77 3621 205 3682 cunque
229 3601 298 3666 fieri
321 3603 424 3686 potuit
448 3600 695 3665 adhibebantur.
743 3597 805 3674 Qui
829 3598 990 3664 rhetorum
1013 3617 1083 3662 mos
1107 3598 1204 3662 etiam
1221 3595 1309 3681 apud

74 3708 317 3774 Aristaenetum
343 3709 446 3792 ¹nobis
483 3708 632 3790 ooourrit,
671 3713 702 3771 et
739 3726 780 3771 ex
811 3708 913 3791 ipsius
947 3705 1091 3788 epistulis
1124 3705 1308 3768 tritissimas

74 3815 199 3898 figuras
222 3815 399 3880 rhetoricas
423 3835 506 3879 nunu
531 3816 715 3879 afferamus.

544 3993 564 4060 Ι.
594 3992 638 4060 ue
662 3991 843 4076 asynreus.

167 4117 405 4184 Aristaenetum
415 4119 605 4184 brevitatem
620 4117 684 4183 stili
695 4116 867 4182 adamasse
882 4117 947 4180 iam
959 4134 1057 4200 supra
1068 4117 1110 4198 (p.
1125 4117 1156 4193 7)
1169 4132 1308 4178 comme·

77 4227 289 4306 moravimus;
323 4245 418 4308 quam
443 4225 643 4308 brevitatem,
678 4230 712 4288 ut
735 4229 804 4288 erat
828 4242 907 4306 mus,
940 4241 1000 4286 usu
1025 4219 1174 4305 asyndeti
1200 4219 1308 4284 effecit

170 4403 189 4466 ¹]
209 4403 249 4460 De
273 4404 409 4470 formulis,
439 4421 511 4472 quse
534 4402 745 4473 praepositione
764 4399 824 4470 πρὸς
843 4399 1014 4463 efficiuntur,
1041 4398 1116 4452 idern
1136 4397 1213 4454 valet
1232 4398 1308 4465 quod

78 4491 167 4547 Guil.
185 4493 322 4548 Sehmid
340 4493 509 4549 observavit.
552 4491 592 4547 Oi.
612 4491 752 4547 Atticism.
772 4491 818 4544 IV.
844 4509 871 4561 p.
890 4489 953 4544 530.
995 4489 1056 4543 Hae
1075 4485 1151 4543 enim
1169 4487 1309 4542 formulae

76 4581 166 4637 etiam
185 4583 221 4638 ab
235 4582 414 4639 Aristaeneto
435 4599 544 4654 semper
558 4582 617 4636 fere
631 4584 744 4636 tanturn
758 4579 788 4634 in
803 4577 1073 4649 interrogationibus
1088 4579 1117 4632 et
1132 4575 1308 4646 imperativis

78 4675 262 4741 usurpantur.
