3020 5104
630 367 673 430 43

125 560 314 645 Comparari
353 579 480 643 quoque
515 567 652 644 possunt
683 561 783 626 verba
825 577 910 646 quae
943 559 1159 626 Philostratus
1196 559 1262 624 alio

14 667 102 732 loeo
133 666 175 734 de
198 666 260 732 hae
283 687 317 733 re
341 666 434 733 dioit:

124 775 227 857 lmug.
252 771 325 840 Ιλί
355 771 374 860 ἡ
397 780 490 860 αόμή
507 826 513 839 .
529 822 559 838 ..
584 778 646 837 καὶ
669 772 777 857 {sulp
802 777 944 840 σννανθεῖ
962 778 1015 839 καὶ
1038 779 1263 860 μεταπιπτονσα
1301 849 1303 855 Ι

197 882 265 967 ripis
288 879 412 946 κάκεῖσε
435 880 466 944 ἐν
490 893 532 965 τῷ
555 885 662 965 καιρίῳ
686 881 774 967 μένει.

127 1006 257 1072 Aetatis
280 1004 390 1070 florem
410 1005 634 1070 Aristaenetus
660 1005 767 1071 verbis
792 1004 955 1091 describit,
980 1024 1063 1087 quae
1087 1011 1266 1088 congruunt

17 1131 106 1176 oum
132 1112 292 1178 similibus
317 1110 520 1190 Philostrati;
545 1110 624 1175 dicit
648 1111 745 1176 enim:

198 1217 362 1305 ἡβάσκων
386 1217 475 1305 ἀμφὶ
499 1223 641 1304 πρώτην
664 1214 810 1305 ὑπήνην.

127 1343 352 1428 Compluribus
376 1341 563 1408 Philostrati
588 1342 668 1407 louis
691 1342 844 1425 legimns:

126 1451 227 1534 Imag.
252 1450 319 1514 lt':
353 1454 507 1536 μειράκιον
529 1449 562 1514 ἐν
585 1445 700 1536 ὑπήνή
724 1454 847 1534 πρώτῃ
876 1448 945 1515 vel:

170 1607 185 1642 ῃ
237 1556 321 1630 ΙΙζέ
355 1553 508 1642 ήβάσνιει
532 1561 582 1641 μὲν
606 1553 744 1644 ὑπήνης
767 1562 897 1641 πρόσω,

171 1714 186 1749 „
239 1663 269 1728 11
284 1663 328 1730 b':
356 1669 424 1735 νέος
446 1661 491 1728 ἔτι
514 1662 544 1727 ἐν
567 1662 688 1748 ἁπαλή
713 1675 755 1749 τή
779 1659 940 1749 ὑπήνην)
1256 1743 1258 1752 y

130 1788 362 1854 vestimentum
389 1787 514 1854 invenis
538 1787 763 1854 Aristaenetus
786 1786 895 1853 verbis
918 1785 1108 1872 Philostrati
1137 1785 1266 1854 laudet:

196 1898 231 1960 τὸ
255 1896 515 1981 sepenumero,
546 1897 637 1978 βαβαὶ
660 1906 720 1960 τῶν
742 1900 925 1982 χρωμάτων·
954 1890 992 1958 ob
1019 1898 1084 1978 γὰρ
1107 1891 1159 1976 ἐρ’
1184 1893 1267 1966 ἑνὸς

199 2007 293 2088 μένει
316 2006 524 2088 χρώματος,
550 2001 644 2066 ἀλλὰ
667 2007 836 2086 τρέπεται
858 2005 919 2066 καὶ
944 2003 1127 2087 perornet.

128 2125 212 2194 Phil.
231 2127 328 2209 imag.
349 2126 409 2190 Ir':
443 2131 496 2190 καὶ
519 2123 539 2214 ή
563 2128 685 2215 χλαμὺς
707 2130 788 2210 παρὰ
811 2136 861 2191 τοῦ
876 2124 987 2212 Ἑρμοῦ
1010 2129 1102 2210 τάχα.
1140 2122 1179 2188 oh
1202 2129 1268 2208 γὰρ

197 2229 254 2320 ἐφ’
283 2231 363 2305 ἑνὸς
390 2233 488 2318 μένει
517 2239 724 2320 χρώματος,
759 2232 852 2298 ἀλλὰ
884 2239 1048 2317 τρέπεται
1081 2237 1142 2295 καὶ
1172 2236 1268 2296 κατὰ

198 2343 261 2428 τήν
282 2338 353 2424 ἶριν
378 2343 562 2426 μετανθεῖ.

129 2462 314 2532 Notandum
335 2471 384 2530 est
399 2463 637 2530 Aristaenetum
657 2464 739 2532 haee
755 2464 855 2531 verba
869 2483 909 2530 ex
924 2463 1039 2530 eadem
1053 2462 1198 2546 imagine
1222 2461 1237 2526 Ι
1252 2461 1267 2528 ι’

26 2570 220 2655 sumpsisse
252 2571 344 2636 etin
378 2577 562 2660 oontextum
595 2570 766 2658 aptissime
799 2569 985 2648 inseruisse,
1018 2569 1105 2653 quod
1129 2567 1266 2655 perfecit

30 2676 292 2744 enuntiationem
314 2685 523 2761 praeeuntem
547 2697 627 2744 vooe
649 2683 820 2766 χρωμάτων
833 2676 1039 2745 oonoludens.
1087 2677 1198 2743 Pauoa
1222 2675 1266 2740 ad

30 2792 185 2850 nostram
208 2802 275 2848 rem
298 2782 493 2870 pertinentia
516 2784 651 2868 praebet

521 2944 691 3028 epistula
712 2945 794 3012 Xll.

128 3069 173 3135 Ut
199 3069 416 3156 compluribus
439 3069 521 3135 loeis
550 3068 592 3134 de
620 3070 739 3135 oseulis
763 3069 986 3153 similibusque
1010 3069 1130 3135 amoris
1152 3069 1266 3153 volup·

29 3176 161 3242 tatibus
186 3177 306 3259 agitur,
329 3176 376 3242 ita
400 3176 488 3243 etin
513 3176 574 3241 hae
599 3176 740 3260 epistula
763 3175 998 3243 Aristaenetus
1015 3195 1056 3242 ea
1079 3176 1268 3261 perstringit

33 3281 272 3348 Philostrutnm
296 3283 485 3370 oompilans.
534 3283 705 3349 Consonus:

128 3387 241 3457 Arist:
274 3393 335 3454 aul
358 3387 422 3474 ἡδὺ
452 3395 489 3454 τὸ
518 3389 657 3476 ἆσθμα·
688 3388 718 3454 εἰ
741 3393 776 3454 δὲ
799 3393 921 3479 μήλων
945 3387 1102 3476 ἢρόδων
1126 3395 1271 3476 πώμασι

201 3497 446 3584 συμμιγέντων
470 3495 611 3580 ἀπόζει,
636 3500 793 3584 φιλήσας
816 3496 920 3582 ἐρεῖς.

129 3600 212 3670 Phil.
236 3603 290 3670 im.
314 3604 329 3667 Ι
352 3602 395 3667 ιε’;
437 3608 498 3669 καὶ
530 3604 576 3677 ὡς
608 3599 673 3689 ἡδὺ
710 3609 748 3668 τὸ
782 3603 922 3690 ἆσθμα·
957 3601 986 3667 εἰ
1022 3605 1058 3667 δὲ
1094 3607 1215 3691 μήλων
1249 3602 1269 3687 ἢ

200 3712 358 3794 proptor
383 3711 520 3786 ἀπόζει,
545 3713 702 3800 φιλήσας
726 3711 827 3794 ἐρεῖς.

130 3831 219 3899 Haeo
242 3831 283 3898 de
307 3833 447 3919 epistula
470 3835 541 3902 Xll.

129 3939 217 4005 Nihil
240 3939 309 4006 fere
331 3942 364 4004 in
389 3961 462 4025 epp.
483 3941 572 4019 Xlll,
592 3941 678 4018 XIV,
699 3940 759 4007 XV
782 3941 952 4025 invenitur,
982 3941 1069 4025 quod
1093 3939 1137 4006 ad
1161 3939 1268 4005 Philo·

37 4045 134 4113 strati
163 4047 323 4132 imagines
351 4045 473 4112 redeat.
521 4045 657 4114 Omnino
682 4047 907 4115 Aristaenetus
934 4048 968 4113 in
992 4046 1154 4135 epistulis,
1185 4065 1269 4129 quae

37 4162 225 4236 sequuntur,
250 4161 441 4238 argumenta
459 4173 539 4238 pure
560 4155 684 4219 erotioa
703 4154 865 4238 tractavit,
890 4153 933 4219 ad
957 4174 1041 4239 quae
1066 4153 1270 4240 explicanda,

40 4267 76 4324 ut
108 4279 207 4344 supra
233 4260 387 4340 vidimus,
421 4260 478 4326 alii
507 4260 683 4346 scriptores
715 4261 869 4327 maiorem
907 4262 1073 4328 materiem
1111 4261 1141 4326 ei
1174 4281 1268 4346 prae·

41 4367 160 4432 hebent
188 4387 284 4451 quam
312 4367 538 4436 Philostratus.
583 4366 692 4438 Nihilo
721 4368 828 4436 seoius
857 4368 890 4434 in
917 4367 1080 4434 nonnullis
1111 4367 1269 4452 epistulis,

131 4544 152 4611 1)
181 4545 222 4602 Cf.
246 4545 372 4601 Platonis
397 4545 510 4616 Protag.
535 4546 587 4600 309
611 4544 681 4612 AJB:
709 4541 737 4604 ὃς
765 4541 815 4616 ’ἔφη
844 4544 1011 4616 χαριεστάτην
1039 4542 1110 4614 ἧβήν
1138 4537 1200 4598 εἶναι
1227 4549 1275 4596 ruia

44 4632 178 4706 ὑπηνήτου.
