3020 5104
704 263 832 356 -.14

198 454 257 516 ἴσας
267 453 361 526 ἡδονὰς
372 451 477 525 άχουσα.
505 456 549 510 22.
560 451 669 523 Ιρλυκεριί
684 451 806 524 Χαρίσιον
820 451 906 504 ἐπύθει
921 453 963 504 καί
978 458 1019 502 νῦν
1033 452 1118 507 ποθεῖ.
1146 453 1189 507 22.
1205 449 1273 501 άκων
1283 448 1432 521 λελύπηκα,

198 546 262 596 έκῶν
276 540 459 614 ἐπλημμέλουν.
504 544 547 597 23.
568 541 682 612 ἑκάτερον
702 540 742 593 διὰ
760 541 868 612 θάτερον
887 539 973 612 χέχονε
993 538 1189 611 δυστυχέστερον.
1235 542 1277 596 28.
1298 539 1433 610 ἀποτρέπει

197 632 241 684 καί
255 631 456 703 δυσαπάτρεπτον.
484 632 519 687 II.
538 633 563 686 2.
578 628 665 683 δοῦλόν
679 650 709 701 με
723 628 808 692 θέλεις
827 628 905 700 ἔχεινς
924 630 959 692 ὡς
978 627 1144 682 ἐθελάδουλον
1163 627 1213 699 ἔχε.
1251 633 1275 684 8.
1291 629 1341 680 κᾶν
1363 628 1433 698 τύχω

197 722 245 773 κάν
259 720 386 792 ἀποτύχω,
406 719 509 791 διχόθεν
524 719 573 791 ἐχῶ
588 719 722 792 δυστυχής.
755 723 780 777 8,
795 718 954 790 ἀποτρύπαιοί
967 735 996 789 χε
1011 716 1078 780 ὄντες
1092 717 1248 788 ἀποτρέψετε.
1282 719 1324 774 10.
1342 719 1434 788 ψυχὴν

198 810 329 881 δι’άάυχον
349 809 484 882 ἐρωμένην.
515 812 556 867 18.
576 807 621 862 οὐκ
640 807 703 879 ὄναρ,
720 807 780 860 ἀλλ’
800 808 873 879 ύπαρ.
910 811 952 866 20.
972 806 1047 870 λύκος
1067 803 1108 860 οὐν
1127 808 1220 878 χανών,
1240 803 1260 858 ὡ
1281 807 1387 858 λύκων.

286 923 325 986 In
349 921 494 985 omnibus
516 920 583 985 fere
607 920 662 984 lex
685 919 954 984 annominationis
979 925 1109 984 servata
1133 925 1191 1000 est,
1225 937 1308 1000 quae
1332 938 1433 1002 prae·

199 1029 319 1111 enubit,
338 1034 372 1092 ut
386 1030 593 1113 παρονομασία
606 1046 671 1090 non
687 1025 790 1091 solum
804 1025 941 1090 formam
958 1031 1092 1109 spectet,
1108 1024 1279 1090 sedetiam
1296 1045 1433 1090 sensum

198 1136 360 1219 respiciat.
398 1135 468 1198 Iam
492 1133 534 1198 ad
559 1133 656 1197 aliam
681 1132 816 1216 figuram
841 1152 940 1217 saepe
965 1132 1144 1197 adhibitam
1167 1127 1227 1198 nos
1249 1139 1431 1198 vertamus.

638 1329 670 1396 6.
702 1329 746 1396 ne
768 1328 990 1414 comparum.

229 1529 236 1546 ρ,
289 1452 393 1529 Quam
420 1453 557 1538 figuram
580 1455 804 1520 Aristaenetus
833 1456 997 1520 coniunxit
1026 1472 1264 1535 nonnumquam
1294 1459 1325 1518 et
1355 1473 1432 1518 eum

199 1563 465 1646 contraposita
491 1567 522 1626 et
546 1580 616 1625 eum
641 1561 823 1626 similiter
846 1560 1026 1642 eadente3
1051 1560 1111 1626 sed
1129 1559 1297 1626 videamus
1311 1562 1432 1644 primo,
1487 1589 1489 1678 ρ

200 1688 283 1749 quae

512 1747 540 1787 α.
566 1741 646 1806 pura
672 1723 871 1805 comparia
895 1723 1112 1790 inveniantur:
1488 1685 1490 1768 ί

289 1846 309 1899 Ι.
337 1847 361 1899 1.
386 1841 460 1914 δφρύς
489 1841 602 1914 μέλαινα,
630 1845 658 1895 τὸ
686 1843 764 1914 μέλαν
793 1843 908 1914 ἄκρατον.
956 1847 979 1899 1.
1009 1843 1087 1896 ἀπίτω
1115 1843 1210 1912 φθόνος
1237 1849 1280 1894 τοῦ
1306 1841 1432 1904 κάλλους.
1491 1871 1492 1936 ρ

198 1931 278 1984 ἀπίτω
297 1932 421 2000 βασκανία
439 1940 486 2004 της
505 1933 614 2003 χάριτος.
651 1935 675 1988 3.
696 1931 795 2004 εὐανθῆ
809 1935 853 2003 μὲν
871 1935 927 1994 τοὺς
947 1931 1069 2004 άρπηκας,
1089 1933 1209 2003 πάμφορα
1228 1930 1253 1983 δέ
1270 1931 1310 1983 τὸν
1325 1932 1433 2001 καρπόν.

198 2024 224 2077 3.
248 2019 262 2071 ’δ
286 2019 310 2072 δέ
334 2020 408 2092 ψύχει
431 2022 458 2073 τά
482 2021 575 2092 πτερὸν,
598 2020 612 2072 ’ά
636 2020 814 2092 δ’ἐκκαθαίρει.
851 2024 876 2076 4.
901 2021 929 2074 οὐ
953 2023 1042 2093 χρόνον
1065 2022 1168 2093 μακράν,
1192 2019 1221 2072 οὐ
1243 2019 1319 2091 λάχον
1342 2019 1432 2072 πολύν.

199 2114 223 2166 8
243 2105 299 2181 εύχε
318 2117 365 2182 τῆς
384 2108 536 2182 εὐπρεπείας,
556 2110 633 2179 βαβαί
651 2118 698 2183 τῆς
717 2110 836 2173 ἐλάσεως.
876 2115 901 2168 8.
920 2113 963 2164 καί
982 2110 1071 2163 κάλλει
1089 2109 1213 2182 διαπρέπει
1240 2111 1283 2162 καί
1302 2107 1434 2180 ὑπερφέρει

198 2207 233 2269 τῷ
256 2199 335 2270 τάχει
365 2201 583 2269 (commutatio.)
630 2203 671 2256 10.
695 2199 793 2272 φαιδροὶ
815 2203 858 2271 μέν
882 2201 917 2262 ως
940 2199 1030 2263 καλοῦ,
1059 2200 1159 2271 φοβεροί
1187 2197 1212 2252 δέ
1235 2199 1269 2260 ὡς
1293 2198 1433 2268 σώφρονος.

200 2290 241 2345 13.
261 2289 291 2340 τά
310 2309 336 2340 τε
355 2289 445 2362 στἠθη
464 2288 542 2360 φιλῶν
560 2292 602 2342 καί
621 2298 669 2341 τῶν
688 2290 798 2360 γονάτων
813 2290 957 2360 άπτύμενος.
996 2293 1038 2346 19.
1058 2285 1111 2342 εἶτα
1124 2289 1246 2360 λαμπρῶς
1259 2287 1432 2359 ἐθαυμάζετο,

198 2380 229 2428 τά
244 2373 309 2429 δὀὐν
323 2376 455 2430 τελευταῖα
473 2379 515 2429 καί
535 2377 619 2440 δεινῶς
639 2377 777 2448 ἐφθονεῖτο.
814 2382 858 2436 26.
877 2378 993 2449 ὐνομάσω
1013 2378 1117 2450 ῥήτορα,
1141 2378 1263 2450 προσείπω
1288 2377 1432 2448 ζωγράφον.

198 2471 233 2523 11.
258 2470 281 2524 1.
301 2465 359 2537 άπερ
383 2466 463 2537 ἐκείνη
482 2470 514 2518 τά
533 2465 614 2538 ἄνθη,
633 2468 703 2519 ταῦτά
722 2486 751 2539 χε
770 2467 848 2538 ταύτῃ
871 2469 898 2520 τὸ
917 2467 1020 2530 κάλλος,
1058 2472 1083 2524 3.
1103 2467 1264 2539 ἀποπατήσω
1282 2463 1368 2518 λοιπὸν
1388 2469 1433 2518 καί

198 2555 354 2628 καθευδήσω
378 2556 463 2627 χωρίς.
501 2557 526 2612 7.
552 2555 625 2627 ἐγγύς
649 2561 697 2628 γάρ
721 2564 764 2609 τοῦ
784 2558 899 2628 σώματος
919 2558 938 2630 η
962 2557 1061 2628 καρδία,
1089 2557 1108 2628 η
1129 2555 1154 2608 δέ
1173 2557 1246 2627 ψυχὴ
1264 2564 1312 2608 τῶν
1332 2558 1432 2626 θυρῶν.

199 2647 418 2716 (Commutatio.)
446 2648 490 2702 10.
509 2645 529 2717 ‘q
547 2647 624 2716 τέχνη
643 2647 684 2697 τὸν
698 2646 785 2712 πάθον,
806 2645 851 2698 οὐκ
865 2645 1021 2718 ’.ἀφροδίτης
1035 2648 1062 2698 τὸ
1078 2645 1158 2714 βέλος.
1197 2648 1239 2703 10.
1258 2653 1306 2698 τῶν
1320 2654 1433 2716 παρειῶν
1498 2653 1499 2710 j

185 2736 243 2806 Ιτάς
261 2733 383 2797 κάλυκας,
407 2743 456 2787 τῶν
480 2733 610 2806 βλεφάρων
633 2736 680 2806 τὴν
703 2737 783 2806 χάριν.
821 2739 864 2792 21.
884 2729 936 2788 οίον
960 2735 1073 2788 εἵλκυσεν
1092 2733 1146 2787 οὐτε
1165 2733 1242 2806 ἐχθύν
1265 2733 1350 2796 άλιεύς
1374 2732 1433 2786 οὔτε

198 2821 262 2893 άρνιν
281 2824 412 2895 θηρευτὴς
432 2821 486 2875 οὐτε
505 2825 647 2895 κυνηγέτης
666 2825 759 2895 νεβρὸν.
788 2827 1010 2893 (Commutatio.)

493 2972 520 3051 β.
550 2969 704 3034 Isooola
733 2990 813 3034 oum
842 2971 1136 3055 contrapositis:

288 3093 308 3147 l.
330 3094 353 3146 1.
373 3089 517 3162 ἐνδεδυμένη
540 3094 583 3162 μέν
607 3089 815 3164 εὐπροσωποτάτη
835 3091 905 3155 ἐστίν,
935 3092 1027 3145 ἐκδῦσα
1046 3092 1071 3144 δέ
1090 3091 1142 3165 άλη
1159 3092 1288 3163 πρόσωπον
1303 3089 1430 3161 φαίνεταις

199 3181 245 3236 hio
272 3182 358 3237 habes
388 3182 472 3236 simul
500 3182 586 3237 etiam
615 3183 874 3240 annominntionem
902 3183 1057 3254 duplicem:
1086 3180 1235 3252 ἐκδεδομένη
1264 3210 1298 3220 -
1327 3178 1433 3250 ἐκδῦσα,

199 3267 407 3340 εὐπροσωποτάτη
435 3300 468 3307 -
496 3269 632 3340 πρόσωπον.
683 3272 707 3325 2.
737 3270 874 3341 ἀμφάκεραι
901 3273 945 3340 μέν
973 3270 1063 3334 καλαί,
1092 3269 1159 3341 πλὴν
1187 3267 1315 3340 οὐδετέραν
1344 3269 1434 3320 ποθῶ.

200 3361 224 3413 7.
243 3355 332 3419 λευκὸς
350 3360 393 3428 μέν
412 3356 551 3429 τράχηλος,
571 3357 684 3428 εὐανθὴς
703 3358 728 3411 δέ
746 3360 844 3428 παρειά.
874 3363 915 3415 1‘2.
935 3358 980 3411 οὐκ
1000 3360 1094 3430 ἀρχὴν,
1113 3358 1142 3412 οὐ
1160 3358 1230 3422 τέλος
1250 3358 1315 3428 εύροι
1334 3377 1370 3420 τις
1390 3356 1431 3409 οἷν.

200 3448 241 3502 14.
266 3445 335 3517 ὑμεῖς
362 3449 405 3517 μέν
433 3445 552 3518 ὐρέφεσθε
580 3446 699 3511 κάλλους,
728 3446 777 3519 ἐγὼ
806 3447 830 3500 δέ
858 3449 999 3521 χρημάτων
1027 3449 1083 3520 ἐρῶ.
1131 3451 1172 3504 17,
1197 3447 1280 3519 ἐρῶσα
1306 3454 1431 3518 καρτερεῖ,

200 3535 354 3606 δπεραὶρεταῑ
372 3537 528 3607 ποθουμένη.
563 3539 782 3604 (Commutatio.)
818 3541 861 3597 23.
887 3537 909 3590 οί
932 3540 1016 3591 πεσσοί
1040 3538 1165 3600 πίπτοντες
1184 3537 1284 3608 ἀτυχῶς
1303 3539 1346 3606 μέν
1366 3535 1433 3607 ἐμοί,

200 3623 360 3696 εὐβολώτεροι
375 3623 399 3676 δέ
414 3632 465 3687 τοῖς
481 3625 603 3688 ἐναντίοις.
628 3629 662 3682 ΙΙ.
679 3629 702 3682 7.
718 3630 760 3679 καί
776 3629 842 3699 γυνὴ
854 3630 897 3698 μέν
911 3627 1052 3697 καταφιλεῑ,
1069 3628 1194 3698 παρθένος
1209 3626 1235 3680 δέ
1247 3624 1432 3696 καταφιλεῐται.

201 3717 242 3770 15.
266 3716 295 3766 σύ
318 3717 361 3785 μέν
385 3716 425 3766 τὀν
449 3714 506 3785 ἐμὸν
530 3714 609 3784 άνδρα
632 3716 730 3778 ποθεῖς,
759 3715 809 3787 ἐγὼ
833 3715 857 3768 δὲ
880 3724 923 3768 τοῦ
948 3724 992 3768 σού
1016 3717 1170 3788 θεράποντος
1193 3715 1249 3787 ἐρῶ.
1286 3717 1329 3772 21.
1354 3712 1432 3785 ὐφρὺς

198 3802 304 3872 μέλαινα
323 3805 389 3855 κατά
407 3803 498 3856 λευκοῦ
517 3811 560 3855 τοῦ
578 3803 699 3873 μετώπου.
741 3809 784 3861 21.
808 3807 851 3857 καί
869 3805 957 3857 λαλεῖν
975 3813 1006 3876 τῇ
1026 3805 1094 3876 καλῇ
1113 3807 1156 3858 καί
1175 3805 1272 3857 ἀκούειν
1290 3803 1432 3875 λαλούσης.

480 3971 507 4028 γ.
536 3949 691 4014 Isoeola
720 3969 800 4014 eum
825 3950 1148 4038 homoeoteleutis:

289 4072 309 4127 I.
329 4073 354 4126 4.
371 4070 580 4140 ἀνακουφίζουσαι
594 4073 640 4142 την
655 4070 736 4132 δεξιάν
749 4073 792 4123 καί
807 4069 1023 4143 ἀκροχειρίζονται
1036 4074 1076 4125 τὸν
1091 4071 1189 4128 κύλπον,
1223 4077 1248 4130 6,
1259 4071 1432 4142 πειθαρχήσειν

200 4166 234 4229 περ
258 4158 336 4230 ἔρωτι,
365 4158 489 4230 ἀμελήσω
511 4166 555 4211 τοῦ
579 4160 667 4215 πύθου.
706 4162 748 4216 10.
772 4160 924 4233 πληθούσας
949 4164 993 4234 μέν
1016 4161 1120 4234 ἀγοράς,
1149 4161 1380 4232 στενοχωρουμένας
1406 4158 1432 4210 δέ

199 4247 303 4319 λαύρας.
342 4253 384 4307 10.
404 4247 458 4302 οὐτε
477 4248 574 4322 άρέραν
594 4247 691 4320 ἐκείνης
710 4251 865 4322 μακροτέραν
885 4248 940 4303 οὔτε
959 4250 1035 4304 νύκτα
1054 4251 1215 4322 βραχυτέραν.
1253 4252 1296 4306 11.
1316 4248 1433 4320 χλιδῶσα

199 4338 257 4390 κατ’
282 4336 356 4410 εὐνὴν
380 4340 423 4390 καί
447 4337 589 4410 ἐντρυφῶσα
612 4346 646 4409 τῷ
670 4337 768 4394 κάλλει.
810 4342 853 4397 15.
876 4339 1007 4412 πραότητα
1030 4342 1073 4412 μέν
1100 4340 1215 4411 πορίζων,
1244 4338 1382 4412 ἀχριάτητα
1405 4338 1432 4390 δέ

200 4426 322 4498 ἐξορίζων.
360 4429 402 4485 17.
422 4426 500 4499 ἔγνων
514 4427 622 4499 ἑταίρας,
638 4427 750 4499 ἐνέτυχον
764 4428 936 4499 θεραπαίναις.
976 4432 1017 4485 18.
1036 4429 1119 4492 πάσας
1137 4430 1271 4501 προφάσεις
1288 4427 1432 4500 προφασίζῃ

200 4518 243 4569 καί
262 4517 343 4579 πάσας
363 4520 447 4588 φωνάς
466 4516 626 4589 ἀναρθέχχη.
663 4521 705 4574 21.
726 4519 804 4570 άπτου
821 4526 870 4570 τῶν
888 4527 997 4589 μαστῶν,
1018 4518 1126 4590 ἡδίστων
1146 4517 1257 4572 ἀπάλαυε
1272 4517 1430 4590 φιλημάτων.
