3020 5104
657 305 707 436 'ti

536 566 565 635 b.
596 567 640 636 iio
664 566 861 652 proverbiis.

173 711 332 778 Rhetores
356 711 510 777 orationis
534 709 748 795 exsugendae
773 716 805 775 et
828 709 993 775 ornandae
1018 730 1118 776 eausa
1140 711 1314 795 proverbia

81 825 116 885 et
129 819 354 904 proverbiales
365 819 564 884 elocutiones
573 816 671 883 valde
681 817 925 902 adamaverunt,
933 818 957 898 ¹)
973 819 1024 882 oui
1033 818 1081 883 rei
1089 818 1312 884 Aristaenetus

80 945 212 1008 quoque
241 925 487 1010 diligentissime
516 924 637 991 studuit
665 931 698 991 et
721 925 903 1006 ubieunque
933 926 1037 1008 potuit
1062 925 1236 1010 proverbia
1258 927 1313 989 tri·

81 1034 211 1099 tissima
234 1035 381 1099 intexuit.
423 1033 494 1098 Ηοο
510 1034 629 1117 optime
644 1031 817 1117 apparebit
832 1031 981 1097 omnibus
993 1033 1173 1116 proverbiis
1187 1032 1312 1114 allatis3

81 1147 159 1205 sunt
182 1146 290 1205 autem
313 1140 411 1206 baeo:
833 1146 836 1153 '
1075 1151 1078 1163 ¹

137 1266 162 1330 l.
209 1269 240 1331 4.
265 1264 300 1330 ἐκ
322 1273 379 1329 τών
404 1263 520 1351 ὀνώχων
543 1269 740 1351 τεκμαίρομαι
763 1267 812 1329 τὸν
837 1267 951 1328 λέοντα.

189 1375 239 1444 10.
265 1370 365 1457 ὅμοιον
387 1368 482 1458 ὁμοίῳ
505 1357 562 1436 ἀεί
575 1372 778 1456 προσπελάζει.

189 1483 241 1546 ll.
265 1482 318 1544 καί
340 1479 392 1561 (τὸ
416 1481 577 1565 λεγόμενον
604 1477 769 1563 δήτοῦτο)
797 1461 894 1542 ἐδόκει
916 1489 954 1563 τή
982 1478 1101 1563 κεφαλή
1130 1479 1232 1564 φαίνειν
1260 1487 1314 1541 τοῦ

268 1582 404 1669 οὐρανοῦ.

190 1695 240 1758 12.
266 1695 320 1756 καί
347 1695 606 1778 παροιμιαζόμενοι
630 1690 662 1755 δέ
685 1713 780 1777 φασιν,
809 1699 951 1755 τοσοῦτον
974 1689 1070 1779 φίλος,
1099 1688 1171 1755 ὅσον
1194 1687 1249 1776 &poi
1274 1715 1316 1762 τις

267 1797 407 1865 ἐναντίον.

191 1909 241 1972 14.
266 1907 317 1970 δίο
341 1907 372 1970 δὲ
394 1917 499 1970 κατιών
516 1902 557 1978 εἷς
581 1904 692 1990 αίρεσιν
706 1908 950 1992 προκειμένωντδ
965 1910 1154 1992 μετριώτερον
1175 1903 1312 1990 αἱρετέον.

193 2016 242 2079 17.
269 2009 337 2085 ὄνος
359 2014 460 2096 λώρας.

191 2122 243 2185 17.
268 2115 353 2203 ῥανὶς
384 2122 441 2204 γάρ
475 2115 585 2190 ὕδατος
616 2119 783 2206 ἐνδελεχῶς
814 2117 1009 2192 ἐπισκάζουσα
1034 2123 1087 2184 καὶ
1113 2119 1222 2204 πέτραν
1255 2116 1316 2182 οίδε

268 2225 436 2291 κοιλαίνειν.

196 2335 246 2398 17.
270 2336 355 2419 κοινή
371 2336 428 2417 γὰρ
442 2341 524 2414 ναῦς,
540 2336 637 2405 κοινὸς
651 2333 782 2406 κίνδυνος
795 2329 812 2397 δ
827 2335 1028 2421 παροιμιώδης
1043 2332 1199 2405 διετάξατο
1216 2334 1315 2412 λόγος.

97 2523 101 2532 ¹
191 2441 244 2506 25.
269 2435 384 2526 είνρήσω
406 2439 492 2520 κάγώ
515 2449 648 2505 τοιοῦτον
667 2437 803 2525 ήὲτίραν
817 2438 962 2505 ἀλώπεκα
976 2441 1044 2523 (καί
1058 2449 1143 2505 τοῦτο
1158 2438 1316 2526 δεδόχθω)

269 2544 290 2632 ή
313 2546 436 2633 σίδηρος
458 2546 631 2611 ἐλαωνὲσθω
654 2548 772 2634 σιδήρῳ.

190 2655 243 2720 27.
268 2651 353 2730 ἔνθα,
378 2657 478 2739 φασίν,
502 2651 614 2739 ἄνεμος
638 2649 704 2718 οὔτε
726 2659 819 2740 μένειν
843 2651 911 2719 οὔτε
934 2657 1018 2720 πλεῖν
1041 2652 1085 2738 ἐή.

126 2797 169 2864 ii.
218 2799 248 2862 1.
271 2796 307 2860 ἐκ
329 2799 430 2881 τριχὸς
452 2800 638 2880 κρεμάμενος
659 2801 713 2861 καί
736 2807 825 2869 σκιάς
847 2796 970 2862 εἴδωλον
993 2799 1130 2880 γεγονώς.

216 2907 245 2970 1.
269 2901 327 2988 δρα
350 2906 393 2989 μή
417 2905 496 2967 κατὰ
519 2906 570 2988 τήν
595 2903 755 2990 παροιμίαν
778 2901 993 2990 ἀπορρήξωμεν
1015 2907 1091 2968 πάνο
1114 2909 1258 2974 τείνοντες
1281 2905 1315 2965 τὸ

270 3011 430 3075 καλώδιον.

215 3139 245 3201 1.
269 3136 393 3222 δελφῖνα
417 3135 562 3200 διδάσκων
585 3140 743 3222 νήγεσθαα

215 3245 246 3308 3.
269 3242 329 3322 ἐγώ
352 3245 409 3327 γὰρ
433 3245 481 3306 τὸν
505 3245 595 3307 λώκον
619 3249 678 3307 τών
702 3240 784 3307 ώτων
808 3244 880 3328 ἔχω.

214 3353 244 3416 6.
268 3345 349 3432 εώρεν
374 3345 426 3414 οὖν
449 3345 470 3434 ή
494 3353 632 3436 μάχαιρα
654 3350 760 3414 κολεὸν
784 3347 864 3421 ἄξιον
886 3346 1004 3436 ἑαυτῆς.

218 3459 246 3522 7.
272 3453 335 3543 ἅμα
359 3457 432 3528 ἔπος
455 3453 520 3540 ἅμα
542 3454 637 3540 ἔργον.

193 3565 244 3628 12.
269 3560 379 3647 ἄρκτου
401 3565 565 3649 παροώσής,
590 3567 688 3649 φασίν,
712 3559 767 3628 οὐκ
789 3562 955 3649 ἐπιζητήσω
977 3566 1014 3627 τά
1033 3561 1112 3650 ἰ’χνη.

194 3671 246 3736 17.
270 3672 345 3752 πρὸς
368 3678 451 3755 κῦμα
474 3673 548 3754 πρὸς
569 3679 684 3756 πνεῦμα
705 3672 787 3735 πλεῖν
810 3665 892 3734 οώδὲν
915 3665 994 3753 αὐτῷ
1018 3670 1156 3757 διαφέρει.

193 3779 245 3843 18.
269 3773 286 3839 ὁ
310 3772 399 3862 Κρής
422 3775 517 3842 ἐδόκει
541 3780 594 3862 ιήν
616 3778 770 3842 θάλατταν
794 3775 915 3857 ἀγνοεῖν.
993 3785 996 3792 “

190 3885 244 3949 20.
268 3879 289 3968 ή
313 3883 345 3945 δὲ
371 3886 422 3968 τήν
452 3880 510 3946 ἀπὸ
538 3881 665 3948 Σκοθών
693 3879 777 3970 ῥήσιν
805 3880 863 3947 ὧδε
892 3881 960 3968 ἐρεῖ,
989 3880 1056 3968 ἐμοὶ
1078 3884 1255 3966 προσλαλών
1279 3879 1320 3954 είς

271 3997 330 4074 πῦρ
354 3988 468 4072 ξαίνεις,
492 3991 646 4074 γώργαθσν
669 4001 774 4077 φωσής,
797 3994 917 4072 σπόγγῳ
940 3989 1089 4054 πάτταλον
1112 3991 1238 4074 κροώεις.

191 4099 245 4163 21.
269 4093 301 4159 αί
323 4099 380 4180 γὰρ
403 4093 533 4181 Χάριτές
556 4120 609 4163 σοι)
633 4098 786 4168 παντελώς
813 4079 917 4162 ἄδολοι
940 4101 993 4161 καὶ
1016 4096 1144 4183 ἀληθώς
1167 4099 1245 4161 κατὰ
1268 4099 1321 4180 τήν

272 4207 434 4290 παροιμίαν
458 4203 574 4290 γυμναί.

178 4345 270 4411 Haeo
295 4344 336 4411 de
360 4345 550 4430 proverbiis.
589 4345 663 4409 Alia
686 4365 748 4430 res,
774 4347 823 4410 eui
839 4346 985 4411 rhetores
999 4364 1197 4430 magnopere
1213 4343 1319 4411 stude-

88 4454 180 4538 bant,
208 4460 283 4519 sont
307 4454 577 4538 comparationes,
606 4451 649 4517 ad
673 4471 754 4534 quas
770 4450 1024 4535 ¹cognoscendos
1046 4454 1112 4517 iam
1134 4471 1319 4538 pergemus

180 4651 201 4718 ¹)
221 4651 262 4706 Cf.
283 4649 370 4706 Goil.
390 4648 526 4705 Schmid
550 4649 568 4704 1.
587 4648 605 4703 l.
625 4649 645 4703 I.
666 4648 726 4715 411,
748 4649 783 4702 II.
801 4649 863 4715 263,
882 4649 930 4704 ΙΙΙ.
949 4648 1011 4715 302,
1030 4648 1077 4704 lv.
1096 4647 1158 4703 491.
