3020 5104
543 409 573 416 -.
613 321 720 416 ..AL

532 512 714 598 Epistula
739 513 776 578 V.

125 636 233 701 Aliam
263 657 390 721 quoquc
418 638 679 723 compilationem
704 637 736 702 in
761 635 788 700 V
818 635 958 723 epistula
986 643 1128 702 statuere
1150 655 1263 721 possu-

28 763 117 809 mus.
169 743 270 826 Virgo
308 762 418 810 amore
454 743 486 809 in
522 742 688 828 pulchrum
727 750 890 809 cantorem
928 741 1128 808 inflammata
1165 741 1265 808 animi

28 849 187 915 affectum
220 848 276 915 vix
309 850 473 915 continere
505 857 627 934 potest;
664 856 752 915 totus
792 849 935 934 eorporis
968 848 1097 914 habitus
1129 848 1265 932 virginis

33 956 188 1023 affectum
213 955 379 1040 patefacit,
405 975 501 1038 quam
525 977 592 1022 rem
617 956 840 1022 Aristaenetus
864 957 912 1022 sic
936 953 1103 1021 describit:

196 1067 263 1127 τοτὲ
287 1067 337 1150 μὲν
361 1060 413 1128 οὖν
438 1061 488 1136 εἰς
517 1067 560 1127 τὰ
588 1069 723 1146 γόνατα
746 1061 765 1150 ἡ
789 1066 931 1151 κεφαλὴ
961 1064 1095 1147 βρίθει,
1124 1069 1202 1127 τοτὲ
1231 1066 1266 1128 δὲ

200 1167 250 1242 εἰς
273 1168 371 1256 ὧμσν
394 1170 534 1250 dualiter,

33 1314 122 1377 qnae
147 1294 229 1376 legit
252 1293 283 1357 in
307 1294 510 1359 Philostrati:

124 1401 223 1482 imag.
249 1400 263 1463 l
289 1401 340 1487 rrp':
379 1399 530 1474 ἱζάνσυσαί
548 1425 580 1466 τε
603 1405 682 1466 κατὰ
705 1413 759 1484 τῆς
781 1413 837 1488 γῆς
859 1413 914 1488 τῆς
937 1407 987 1488 μὲν
1011 1399 1062 1473 εἰς
1085 1408 1222 1484 γόνατα
1245 1403 1265 1488 ἡ

198 1510 343 1596 κεφαλὴ
368 1510 475 1593 βρίθει,
499 1521 565 1595 τῆς
588 1510 623 1571 δὲ
647 1505 697 1580 εἰς
719 1507 824 1594 apoc.

124 1633 164 1696 In
197 1631 311 1697 eadem
345 1632 485 1718 epistula
521 1635 747 1698 Aristaenetus
785 1633 893 1698 verbis
932 1652 1016 1715 quae
1048 1631 1266 1698 Philostratus

26 1737 216 1823 usurpavit,
250 1746 284 1802 nt
312 1746 425 1822 pectus
454 1745 642 1824 turgescens
681 1738 890 1824 significaret,
934 1739 977 1804 ad
1006 1740 1168 1806 oculorum
1193 1760 1265 1806 sua-

28 1847 172 1912 vitatem
195 1842 374 1909 notandam
396 1845 509 1913 utitur:

199 1953 314 2037 πλῆρες
341 1953 371 2016 δὲ
404 1965 548 2038 μουσικῆς
579 1951 721 2028 ἐννοίας
754 1957 787 2018 τὸ
816 1955 937 2040 βλέμμα
963 1959 1016 2017 καὶ
1043 1951 1266 2040 διασκέψεως

198 2069 264 2123 των
289 2055 514 2148 αὐλημάτων.

126 2163 212 2232 Phil.
232 2163 329 2246 imag.
352 2165 442 2230 lna':
476 2173 551 2254 φημί
574 2189 619 2230 σοι
642 2172 695 2232 καὶ
718 2171 757 2232 τὰ
780 2167 885 2252 στέρνα
908 2164 942 2231 od
965 2171 1135 2252 πνεὺματσς
1150 2169 1267 2252 ἔμπλεα

198 2269 270 2336 εἶναι
290 2279 378 2357 μόνον
397 2271 478 2337 ἀλλὰ
497 2277 548 2338 καὶ
569 2273 712 2345 ἐννοίας
726 2277 787 2338 καὶ
801 2276 1022 2360 διασκέψεως
1037 2270 1265 2359 αὒλημάτωνι

130 2395 173 2460 Ut
210 2394 285 2462 aliis
308 2395 400 2481 locis,
437 2397 489 2463 hic
526 2418 654 2481 quoque
691 2399 898 2483 conspicuum
941 2406 991 2464 est
1026 2398 1265 2464 Aristaenetum

29 2503 178 2568 maxime
208 2502 366 2568 similibus
396 2504 638 2570 condicionibus
663 2512 695 2571 et
717 2505 905 2585 rationibus,
939 2524 1021 2589 quas
1045 2504 1266 2590 descripturus

33 2617 98 2692 est,
124 2617 315 2674 commotum
340 2630 423 2690 esse,
447 2618 483 2676 ut
506 2611 737 2678 Philostratum
762 2611 976 2697 despoliaret;
1001 2611 1156 2696 habemus
1180 2611 1265 2676 enim

32 2716 89 2780 hic
120 2723 154 2781 et
182 2715 249 2781 illic
277 2716 520 2784 adulescentem
550 2720 658 2784 cantui
682 2716 873 2801 studentem,
902 2719 955 2802 qui
981 2719 1174 2784 carminibus
1198 2719 1265 2783 suis

32 2822 205 2888 auditores
247 2822 402 2898 delectat;
455 2845 549 2909 quam
595 2825 635 2890 ob
672 2846 739 2891 rem
777 2845 841 2890 non
878 2827 966 2892 absit
1003 2825 1143 2910 suspicio
1189 2825 1266 2907 quin

34 2931 265 2997 Aristaenetus
280 2931 497 3015 compluribus
512 2933 592 2997 locis
608 2930 852 2998 similitudinem
877 2931 1101 2998 condicionum
1113 2931 1267 3008 effecerit,

35 3046 71 3101 ut
97 3035 288 3102 Philostrati
312 3036 507 3105 dictionibus
531 3039 577 3104 uti
600 3039 714 3124 possit.
760 3039 797 3103 ln

541 3180 714 3266 epistula
735 3180 767 3245 X

33 3285 241 3352 consuetudo
264 3286 358 3352 nobis
379 3288 516 3352 occurrit
529 3287 721 3368 rhetorum¹)
742 3285 948 3354 describendi
962 3286 1110 3352 insanum
1124 3285 1269 3352 fictorum

35 3404 70 3466 in
97 3411 199 3479 opera
221 3394 263 3457 ab
287 3393 370 3478 ipsis
393 3393 481 3459 facta
504 3413 655 3460 amorem.

130 3500 313 3567 Verisimile
351 3508 402 3569 est
437 3500 678 3568 Aristaenetum
714 3502 758 3568 ad
789 3502 851 3568 hcc
891 3507 1006 3588 ζήτημα
1043 3497 1269 3587 explicandum

34 3607 213 3693 praecipue
236 3627 295 3691 per
318 3607 549 3675 Philostratnm
578 3607 741 3676 inductum
770 3629 853 3688 esse,
888 3608 940 3692 qui
966 3607 1007 3671 de
1031 3606 1173 3672 themate
1207 3616 1270 3684 ,τοῦ

36 3713 155 3786 εἰκόνος
188 3715 275 3799 ἐμῶνι
311 3714 342 3779 in
363 3716 418 3782 vit.
443 3716 534 3801 soph.
559 3737 590 3800 p.
619 3714 758 3800 101l102
783 3715 936 3782 disseruit
960 3721 992 3780 et
1015 3713 1048 3777 in
1071 3714 1139 3778 vita
1158 3712 1266 3798 Apoll.

35 3822 143 3888 vico
170 3819 211 3886 de
240 3821 367 3885 homine
402 3822 492 3905 dixit,
526 3825 580 3906 qui
614 3843 724 3887 amore
753 3823 785 3886 in
814 3821 950 3887 Veneris
983 3827 1124 3886 statuam
1154 3820 1269 3884 insano

37 3935 156 4012 captus
180 3935 244 4011 cst3
270 3927 408 4011 denique
432 3928 647 3996 Philostratus
673 3929 810 3995 eandem
833 3950 899 3994 rem
924 3929 956 3992 in
980 3927 1122 4009 imagine
1142 3945 1271 4008 quoquc.

37 4040 169 4117 tractat,
213 4055 308 4117 quam
346 4036 570 4103 Aristaenetus
609 4036 652 4102 ad
690 4035 842 4102 fabellam
880 4054 973 4101 suam
1014 4030 1270 4118 componendam

38 4139 238 4226 despoliavit
265 4141 348 4208 duas
381 4141 569 4208 Philostrati
595 4141 756 4209 dictiones
780 4141 1019 4222 contaminans3
1053 4139 1132 4204 dicit
1168 4138 1269 4204 enim:

144 4320 213 4384 in.
233 4319 400 4375 Rohdium
420 4340 447 4391 p.
466 4321 527 4374 365.
557 4316 696 4370 Ἧθοπωία
715 4321 842 4392 perfecta
860 4319 895 4374 de
914 4319 1012 4374 eodem
1032 4318 1158 4373 themate
1177 4317 1270 4372 exstat

40 4408 117 4480 apud
136 4408 284 4464 Libauium
300 4409 338 4462 lV
356 4427 384 4478 p.
400 4409 468 4464 1097
484 4427 524 4476 sq.
548 4429 580 4454 =
598 4407 688 4464 Nicol.
704 4408 854 4478 Progymn.
874 4407 994 4476 (Walz‚
1013 4405 1094 4462 Rhet.
1110 4424 1151 4476 gr.
1166 4407 1178 4460 l
1192 4405 1269 4470 294);

41 4499 190 4569 Nicephor.
209 4499 360 4568 Progymn.
382 4499 498 4563 (Walz‚
518 4497 599 4554 Rhet.
615 4517 657 4566 gr.
677 4498 688 4550 I
707 4498 783 4562 trop
803 4497 896 4552 Seuer.
911 4497 1012 4566 Ethop.
1031 4497 1049 4550 3
1068 4499 1097 4550 et
1115 4496 1132 4548 8
1151 4494 1269 4560 (wala,

45 4589 123 4642 libet.
143 4605 184 4656 gr.
205 4587 215 4640 1
235 4587 288 4641 538
308 4591 336 4642 et
355 4587 427 4652 546).
