3020 5104
832 271 852 333 2

224 464 426 550 (tappdoserr)
451 481 527 527 usos
551 483 633 547 esse,
668 470 702 528 ut
726 463 923 545 argumentis
952 464 1080 528 erotieis
1104 469 1324 527 ornamentum
1354 463 1463 545 quod·

226 569 301 634 dam
334 569 496 653 afferrent,
534 576 566 635 et
611 570 643 633 in
680 570 761 655 ipsis
793 589 887 634 omne
923 571 1039 641 κάλλος
1074 567 1240 658 ὀνομάτων,
1280 576 1461 657 σχημάτων,

225 673 380 761 liutpold)
395 674 593 760 adhibuisse,
609 675 643 740 id
654 678 750 742 etiam
771 675 811 741 de
828 677 1029 742 Aristaencto
1044 676 1141 742 valet.
1184 677 1212 742 N
1215 697 1267 740 am
1282 679 1310 742 is
1326 697 1463 759 quoque

224 783 309 848 tales
332 781 491 870 ἐκφράσεις
515 802 555 847 ex
578 783 643 849 illis
666 783 852 848 auctoribus
877 785 1123 861 consarcinavit,
1150 785 1251 864 quiet
1270 786 1463 868 ipsiseuin

224 889 371 974 epistulis
395 891 524 954 eroticis
548 909 606 954 sen
628 891 661 954 in
685 889 965 974 descriptionibus
1000 909 1083 971 quae
1109 887 1224 962 εἰκόνες
1241 885 1462 974 vocabantur,

225 997 277 1062 his
300 997 397 1062 rebus
421 995 620 1063 studuerunt.
666 997 703 1060 In
727 997 838 1081 primis
861 996 924 1062 huc
938 997 1152 1062 Philostratus
1175 997 1282 1062 senior
1305 1000 1464 1082 pertinet,

223 1105 256 1167 in
294 1105 384 1168 cuius
425 1103 621 1185 imaginibus
662 1103 885 1168 Aristaenetus
923 1103 1086 1187 perfectas
1123 1103 1282 1191 ἐκφράσεις
1321 1107 1463 1170 invenit.

223 1211 318 1274 Duae
341 1211 439 1292 igitur
462 1209 538 1273 mihi
563 1208 683 1292 dignae
712 1230 763 1275 res
786 1209 964 1294 videntur·,'
980 1230 1064 1292 quae
1092 1210 1155 1276 hac
1184 1213 1463 1277 commentatione

225 1323 413 1400 tractentur,
437 1319 598 1401 primum
622 1317 874 1402 epistularum
899 1323 1129 1399 argumenta
1153 1325 1190 1383 et
1218 1318 1344 1402 stilus,
1379 1325 1462 1382 tum

223 1423 419 1509 potissimi
434 1414 842 1508 fontes'irnprimisque
863 1425 975 1507 ratio,
1000 1443 1098 1505 quae
1118 1426 1463 1490 interAristaene·

224 1538 303 1595 tum
328 1536 364 1594 et
386 1529 671 1596 Philostratum
693 1529 913 1596 intercedit.

312 1656 503 1738 Priusquam
539 1661 646 1720 autern
680 1655 724 1719 ad
756 1676 823 1721 rem
856 1657 961 1740 ipsam
995 1654 1200 1738 accedamus,
1236 1675 1275 1719 ea
1298 1675 1402 1740 opera
1427 1667 1463 1722 et

224 1764 508 1828 commentationes
556 1763 700 1846 afferam,
752 1782 834 1844 quae
876 1765 908 1827 in
950 1761 1123 1828 scribenda
1167 1763 1229 1828 hac
1263 1765 1462 1844 quaestione

222 1871 389 1953 potissimo
414 1869 558 1934 subsidio
583 1869 660 1934 mihi
686 1870 822 1935 luerunt.

312 1994 350 2060 E.
379 1993 527 2076 Rohde,
560 1995 628 2060 Der
660 1994 862 2076 griechische
895 1996 1019 2060 Roman
1053 1993 1118 2059 und
1149 1997 1236 2060 scine
1269 1995 1458 2060 Vorl'aulcr.

384 2099 491 2165 Editio
517 2100 630 2166 altera.
676 2102 807 2185 Lipsiae
834 2103 929 2168 1900.

310 2208 347 2272 Ε.
372 2206 540 2284 Norden,
566 2209 628 2272 Die
653 2208 763 2272 antike
787 2208 1000 2292 Kunstprosa.
1047 2209 1178 2292 Lipsiae
1204 2211 1300 2274 1898.

243 2378 245 2382 .
312 2314 473 2381 Carolus
507 2315 682 2399 Dilthey,
707 2316 756 2380 De
781 2314 972 2380 Callimachi
996 2313 1156 2399 Cydippe.
1198 2315 1328 2398 Lipsiae
1354 2319 1457 2384 1863.

310 2421 360 2487 W.
385 2421 559 2504 Schmid,
585 2423 651 2486 Der
674 2422 870 2488 Atticismus.
919 2421 1080 2504 stuttgart
1105 2425 1290 2488 racc-96.

460 2578 475 2613 „
581 2528 961 2612 Pauly-Wisssowa,
986 2548 1010 2594 s.
1035 2549 1066 2592 v.
1090 2528 1323 2594 Aristaenetus.

309 2653 439 2718 Partem
478 2653 698 2737 exemplorum
735 2653 813 2717 mihi
850 2651 1091 2718 tractandorum
1124 2654 1189 2717 iam
1222 2673 1293 2718 cum
1327 2653 1383 2717 alii
1421 2665 1460 2719 ut

220 2759 396 2826 Mercerius
425 2765 490 2823 tum
518 2758 752 2825 Boissonedius
783 2761 814 2824 in
845 2759 985 2826 editione
1017 2761 1212 2825 Aristaeneti
1241 2759 1457 2844 epistularum

223 2873 255 2931 et
277 2866 446 2932 Iacobsius
475 2869 508 2929 in
534 2865 674 2931 editione
698 2868 875 2949 imaginum
889 2866 1155 2931 Philostratorum
1180 2866 1458 2950 observaverunt3

222 2963 283 3038 sed
305 2993 378 3038 eum
402 2981 433 3038 et
455 2974 525 3057 ipse
550 2995 590 3038 ea
612 2975 798 3058 invenerim,
824 2977 919 3039 certis
934 2975 1035 3055 signis
1056 2994 1076 3038 a
1094 2972 1227 3055 reliquis
1249 2972 1456 3056 distinguere

222 3079 417 3164 superfluum
440 3079 517 3144 mihi
540 3083 643 3145 visum
668 3087 725 3146 est.

310 3206 379 3270 Iam
402 3206 625 3290 perquiramus
649 3225 805 3287 quasnam
828 3225 880 3270 res
900 3206 1122 3270 Aristaenetus
1147 3205 1292 3288 epistulis
1322 3210 1457 3289 tractet,

221 3318 256 3376 ut
280 3310 463 3396 disceptare
485 3312 656 3396 possimus,
689 3319 792 3376 utrum
816 3312 999 3377 rhetoribus
1028 3318 1061 3377 et
1082 3312 1235 3396 sophistis
1264 3314 1352 3378 nisus
1376 3312 1458 3378 illas

222 3419 448 3502 conscripserit
472 3438 513 3482 an
536 3438 620 3483 nova
644 3425 834 3501 argumenta
857 3418 1059 3500 fabellasque
1076 3419 1218 3484 finirent.
1255 3418 1457 3504 Asophistis

221 3527 306 3589 enim
331 3531 427 3606 atque
451 3525 631 3590 rhetoribus
657 3531 744 3590 certa
775 3531 975 3608 argumenta,
1012 3545 1094 3606 quae
1118 3523 1295 3590 identidem
1318 3529 1457 3590 tractari

221 3632 379 3711 solebant,
421 3630 517 3697 valde
551 3630 704 3696 adamata
737 3651 809 3697 esse
845 3631 1017 3696 Rohdius
1051 3631 1168 3699 docuit.
1214 3623 1323 3696 Prima
1353 3633 1457 3714 igitur

221 3741 367 3820 quaestio
406 3740 474 3823 crit,
516 3759 592 3803 num
630 3740 853 3804 Aristaenetus
889 3741 922 3802 in
964 3740 1161 3820 argumentis
1208 3737 1386 3803 tractandis
1434 3761 1456 3803 a

221 3845 401 3912 rhetoribus
425 3844 575 3930 pendeat

312 4058 333 4125 ¹)
353 4059 394 4114 Cf.
413 4059 561 4124 Norden,
585 4058 637 4114 Die
657 4058 754 4114 antike
773 4059 957 4129 Kunstprosa‚
977 4077 1043 4128 pag.
1062 4058 1123 4114 436.
