3020 5104
813 354 857 418 at

427 547 602 612 Luciani:
1027 547 1279 612 Aristaeneti:

229 715 233 720 -
267 678 439 744 κόν-τισας
457 669 809 759 destinaveriits..
908 669 1064 758 ἐκείνης.
1088 669 1108 756 ἡ
1132 673 1168 736 δὲ
1186 675 1377 759 φιλήσασα
1395 694 1463 758 με·

252 776 288 865 ἡ
312 781 347 844 δὲ
375 782 564 866 φιλήσασα
588 778 720 865 μεταξὺ
745 790 810 842 τῶν
906 776 995 849 tcto*
1027 785 1269 862 τῶνμαστῶν
1302 774 1372 844 ὑπὸ
1417 792 1464 863 τῷ

229 917 233 922 ·“
268 894 409 972 μαστῶν
441 881 507 953 tuo
539 897 586 970 τῷ
619 885 808 972 ἀποδέσμῳ
872 931 875 936 -
907 885 1462 971 περιδέσμιρ,ὃνπεριεστερνίσατο,

241 1063 243 1072 ,
267 995 504 1078 παρεβῖισατο.
906 990 1092 1075 παρὲβοσε.

311 1135 402 1201 Ηοοο
415 1135 551 1202 Luciani
575 1135 726 1220 exempla
749 1132 899 1218 doceant,
923 1133 1039 1216 quibus
1058 1132 1173 1200 finibus
1192 1133 1330 1200 rhetoris
1348 1136 1461 1200 nostri

221 1243 358 1307 imitatio
391 1244 604 1308 contineatur.
658 1239 836 1307 Videamus
867 1260 966 1323 nune,
1003 1259 1080 1305 uum
1111 1241 1334 1307 Aristaenetus
1370 1243 1462 1307 alios

222 1367 350 1432 quoque
374 1350 547 1434 scriptores
571 1348 710 1434 eroticos
734 1349 950 1433 exscripserit.

656 1585 682 1643 γ.
712 1561 756 1631 ite
779 1560 1017 1647 trcrprmnee)

310 1688 346 1753 Si
368 1687 505 1754 formam
523 1688 722 1772 respicimus,
748 1705 813 1768 qua
825 1685 1049 1752 Aristaenetus
1064 1684 1203 1751 fabellas
1218 1705 1295 1752 suas
1309 1689 1460 1754 erotioas

221 1795 411 1879 composuit
435 1794 532 1860 facile
557 1795 657 1860 oritur
681 1794 838 1875 quaestio,
862 1811 939 1856 uum
962 1792 1014 1858 oui
1033 1792 1160 1857 illorum
1175 1798 1342 1858 auctorum
1358 1794 1457 1876 quid-

220 1920 318 1982 quam
353 1899 484 1986 debeat,
523 1901 577 1984 qui
608 1901 671 1985 ipsi
708 1919 835 1983 quoque
872 1899 1029 1985 epistulas
1065 1898 1204 1964 eroticas
1239 1903 1458 1985 scripserunt.

219 2007 380 2093 Imprimis
399 2005 440 2072 de
454 2006 650 2093 Alciphrone
671 2004 879 2090 cogitandum
894 2012 953 2089 est,
978 2007 1080 2087 utqui
1095 2005 1338 2072 celeberrimum
1354 2006 1458 2074 huius

220 2116 349 2196 generis
372 2115 550 2180 litterarum
574 2113 758 2198 exemplum
781 2114 874 2178 nobis
897 2111 1064 2196 praebeat.
1105 2112 1185 2176 Iam
1208 2112 1457 2182 Hermannus

220 2220 372 2304 Reioh1)
396 2219 628 2287 demonstravit
646 2221 885 2286 Aristaenetum
904 2239 976 2285 cum
990 2217 1186 2303 Alciphrone
1214 2221 1247 2284 in
1265 2219 1457 2288 nominibus

220 2327 414 2413 usurpandis
459 2347 652 2412 congruere,
704 2325 764 2393 sed
808 2327 944 2393 imitatio
989 2325 1087 2391 latius
1132 2332 1237 2411 patet,
1279 2327 1313 2391 id
1361 2328 1457 2410 quod

220 2435 370 2520 exempla
395 2435 651 2520 comprobabunt
672 2435 738 2498 iam
763 2432 944 2499 afferenda:

380 2595 642 2680 Alciphronis:
1027 2593 1282 2658 Aristaeneti:

176 2699 181 2708 ’
219 2720 320 2804 Epist
346 2720 400 2785 IV.
428 2723 497 2798 92):
544 2716 807 2814 εὐμενεστέροις
860 2719 886 2783 Ι.
907 2721 962 2786 11;
997 2715 1267 2804 εὐμενεστέροις
1295 2717 1455 2805 ὄμμασιν

264 2826 419 2913 ὄμμασιν
463 2825 554 2892 εἶδον
592 2826 735 2912 ἐκείνην
773 2823 807 2889 αἱ
905 2823 1048 2912 ἐκείνην
1072 2821 1108 2889 αἱ
1130 2822 1286 2909 Χάριτες
1307 2821 1414 2890 εἶδον.
1498 2819 1499 2878 t

263 2931 428 3018 Χάριτες.

218 3059 323 3126 IV.9:
346 3055 480 3146 εἰδὲμή,
505 3049 667 3133 σεαυτόν,
692 3053 946 3144 cipri-121:
976 3061 1051 3142 μήτε
1073 3056 1235 3139 προσδόκα,
1259 3056 1323 3119 ἐπεὶ
1345 3077 1456 3120 σεσο-

265 3163 524 3251 μᾰςᾶνιάσεις.
582 3195 584 3200 ·
725 3184 726 3188 ’
903 3161 1159 3234 τὸνάνιάσεις.
1243 3185 1251 3202 ·

218 3289 272 3354 IV.
290 3293 347 3356 10:
376 3289 487 3374 ἀρτίως
511 3293 561 3376 μὲν
584 3287 648 3354 οἷον
671 3288 806 3376 speta—
859 3288 884 3354 Ι.
902 3291 935 3353 1;
960 3283 1050 3372 ἡνίκα
1068 3287 1099 3350 δὲ
1118 3286 1327 3372 φθέγγεται,
1348 3288 1455 3371 βαβαί,

263 3405 428 3476 *fanos*
451 3393 532 3460 dour
555 3393 807 3481 ταῖςὸμιλὶαις
905 3392 987 3458 ὅσαι
1014 3403 1079 3478 τῆς
1107 3389 1255 3478 ὁμιλίας
1277 3388 1393 3478 αὐτῆς
1417 3393 1456 3457 αἱ

264 3499 376 3590 αὐτῆς
399 3513 560 3589 σειρήνες
582 3500 735 3587 ἐνίδροντο.
907 3512 1083 3587 σειρῆνος.

218 3627 272 3693 lv.
299 3630 355 3692 11:
388 3625 530 3692 ἅπαντα
560 3625 660 3711 ἐκείνῃ
688 3651 722 3709 *pe
751 3630 808 3691 τὸν
861 3627 937 3692 1.1:
962 3620 1456 3710 πάντωςὴΛαῒςτὸνκεστὸν

262 3737 392 3799 κεστὸν
414 3729 606 3805 intincto.
906 3728 1113 3804 ι’·ιπὲζωσται.

217 3859 273 3924 IV.
295 3863 350 3926 16:
380 3857 463 3931 ὀξὺς
489 3856 586 3923 ἐστιν
604 3857 728 3942 ἜρωςΙ
745 3861 808 3922 καὶ
860 3857 902 3921 ΙΙ.
928 3861 962 3923 1:
1001 3853 1083 3928 ὀξὺς
1116 3853 1358 3940 ἐστινἜριος
1388 3863 1454 3922 καὶ

263 3963 384 4057 ἐλθεῖν
399 3969 460 4028 καὶ
475 3954 692 4050 ἀναπτῆναι·
706 3964 806 4029 ἐλπί-
905 3961 1027 4028 ἐλθεῖν
1040 3967 1103 4028 καὶ
1117 3962 1326 4048 ἀποπτήναι.
1351 3963 1451 4028 ἐλπί-

263 4096 329 4146 σας
351 4080 544 4156 πτεροῦται
566 4073 626 4136 κοιὶ
654 4069 807 4135 ἀπελπί-
907 4093 972 4142 σοις
995 4079 1187 4153 πτεροῦται
1210 4073 1272 4134 καὶ
1296 4067 1452 4135 ἀπελπί-

264 4201 331 4251 σας
359 4180 450 4264 ταχιλ
477 4187 706 4262 πτερορρυεῖν
731 4177 807 4241 εἴιο-
905 4199 971 4250 σας
996 4177 1088 4262 ταχὺ
1116 4185 1349 4260 πτερορρυεῖν
1374 4175 1450 4240 cio·

263 4290 326 4352 θεν
360 4283 615 4367 ἀποφνιοσθεῐς.
660 4284 712 4347 διὸ
745 4287 808 4347 καὶ
905 4285 980 4349 θεν.
1005 4283 1057 4346 διὸ
1080 4285 1142 4347 καὶ
1165 4281 1450 4368 μὲνατῶνὲται-

307 4532 330 4600 1)
348 4532 389 4588 of.
409 4531 597 4588 Hermanui
616 4525 723 4588 Reich
745 4531 974 4588 dissertationem
992 4545 1080 4601 supra
1098 4530 1136 4601 (p.
1157 4531 1204 4598 22)
1222 4530 1378 4586 laudatam.

310 4621 331 4686 ²]
350 4621 422 4678 Utor
441 4620 565 4676 editione
584 4620 848 4692 Schepersiana.
