3020 5104
316 485 398 551 Aliis
420 504 548 567 quoque
577 485 873 570 comparationibus
900 485 1124 551 Aristaenetus
1156 505 1228 551 enm
1260 484 1471 552 Philostrato

228 595 414 678 conspirare
437 590 579 674 videtum
603 590 753 658 conferas
777 590 918 676 exempli
942 593 1051 675 gratia
1072 591 1163 659 loeus
1186 591 1259 658 hos:

395 715 644 783 Philostrati:
757 763 759 770 ,

1033 717 1290 782 Aristaeneti:

227 863 278 928 ep.
296 846 353 910 17:
377 841 454 908 ἔστιν
471 843 524 927 ἔαρ
543 850 594 906 τοό
613 844 747 914 κάλλους
761 847 814 906 καί
868 841 959 908 11.1:
992 837 1106 928 ήηυνή
1134 843 1215 908 ἔοικε
1242 845 1383 928 λειμῶνι,
1424 845 1472 903 καί

270 946 455 1033 ρόδων·...ὁ
471 950 502 1013 δὲ
520 952 562 1035 μή
581 953 813 1034 χρησάμενος

260 1065 331 1130 ’τοῖς
367 1065 519 1142 παροῦσιν,
556 1054 683 1141 ἀνόητος
717 1057 747 1121 ἐν
780 1054 814 1122 οδ

271 1167 389 1248 μένουσι
407 1162 571 1249 μέλλων..
591 1166 738 1249 φθονερὸς
757 1167 813 1248 γάρ

270 1267 287 1334 ὁ
310 1275 422 1356 χρόνος
443 1274 496 1334 καί
520 1273 572 1355 τήν
594 1267 706 1342 ἄνθως
732 1267 812 1355 ὥραν

270 1377 404 1465 ἀφανίζει
426 1380 478 1440 καὶ
500 1380 551 1462 τήν
569 1377 700 1450 κάλλους
714 1375 813 1463 όικμήν

271 1482 384 1565 ἀπάγει.
765 1491 811 1548 et:

228 1609 278 1674 ep.
294 1592 353 1657 55:
386 1586 412 1653 εί
445 1594 495 1675 μὲν
528 1586 578 1654 obn
601 1587 664 1675 ἅψη
694 1595 813 1676 ταχέως

270 1704 330 1761 τῶν
363 1693 469 1780 ῥόδων,
503 1695 592 1782 μένει,
625 1693 652 1760 εί
679 1698 710 1760 δὲ
738 1699 811 1782 μελ-

271 1806 383 1887 λήσεις,
399 1801 581 1890 ἀπελήλυθε.
600 1807 811 1888 μαραίνεται

270 1913 410 1994 γάρηυνή
421 1907 810 1995 μετὰρόδων,όινβραδόνη.

912 946 986 1032 ὅπερ
1008 948 1113 1032 ἐκείνῳ
1136 951 1169 1013 τὸ
1193 946 1297 1026 ἄνθος,
1321 954 1427 1012 τοῦτό
1443 969 1473 1029 γε

912 1057 1007 1140 ταότη
1031 1058 1063 1120 τό
1078 1058 1205 1128 κάλλος.
1236 1060 1310 1127 τέως
1334 1059 1400 1141 μὲν
1424 1050 1472 1118 οὖν

912 1159 931 1247 ή
963 1167 1045 1248 κόμη
1072 1173 1112 1245 τῷ
1141 1164 1260 1248 λειμῶνι
1292 1160 1473 1246 ἐπακμάζει

911 1273 964 1332 καὶ
986 1265 1006 1354 ή
1029 1271 1119 1354 χροιά
1140 1276 1202 1334 τῶν
1225 1266 1355 1342 ἀνθέων,
1391 1267 1472 1353 ἦρος

912 1377 943 1438 δὲ
960 1379 1214 1462 παρακμάσαντος
1236 1379 1388 1438 πέπανται
1417 1379 1471 1461 μὲν

909 1485 947 1545 τὰ
970 1479 1064 1568 ἄνδη,
1089 1479 1104 1545 δ
1129 1483 1161 1545 δὲ
1183 1484 1294 1568 λειμὼν
1308 1486 1470 1567 γεγήρακε

911 1594 1047 1668 γυναικός
1077 1611 1108 1652 τε
1142 1583 1183 1677 αδ
1216 1589 1315 1662 πάλιν,
1353 1585 1398 1674 ἢν
1436 1593 1468 1650 τὸ

912 1693 990 1767 εἶδος
1006 1697 1201 1781 παραδράμῃ,
1224 1698 1267 1766 τίς
1290 1695 1333 1758 ἔτι
1356 1717 1468 1758 κατα·

911 1802 1044 1866 λείπεται
1076 1799 1255 1889 εόφροσόνη;
1272 1849 1279 1864 .
1296 1851 1304 1866 .
1321 1848 1328 1863 .
1345 1847 1353 1863 .
1372 1851 1382 1870 .
1434 1805 1467 1864 τδ

910 1905 961 1973 οὖν
992 1904 1092 1994 ῥόδον,
1124 1907 1181 1974 κᾶν
1214 1913 1259 1994 μή
1292 1929 1334 1978 τις
1364 1905 1466 1991 αὐτῷ

909 2022 1108 2102 χρήσηται,
1132 2018 1355 2101 μαραίνεται.

315 2156 439 2232 Quibus
472 2178 512 2223 ex
545 2159 626 2224 loeis
658 2159 785 2224 eollatis
819 2164 955 2243 apparet
986 2158 1225 2223 Aristaenetum
1256 2176 1320 2221 non
1358 2155 1464 2221 modo

225 2283 331 2349 sensu,
356 2263 416 2330 sed
436 2264 533 2330 etiam
547 2264 656 2330 verbis
677 2283 748 2329 enm
765 2263 959 2330 Philostrato
984 2283 1172 2348 oougruere,
1202 2270 1235 2329 et
1257 2281 1463 2346 quamquam

225 2371 287 2436 hae
321 2372 579 2456 comparationes
611 2371 674 2436 looi
708 2391 894 2438 communes
932 2372 1081 2436 amatorii
1118 2372 1247 2454 generis
1286 2371 1462 2455 putandae

225 2484 309 2561 sunt,
332 2486 442 2543 tamen
464 2478 533 2544 fieri
557 2478 669 2562 potuit,
703 2485 737 2544 ut
760 2478 984 2544 Aristaenetus
1008 2478 1239 2544 Philostratum
1267 2477 1461 2562 respiceret,

224 2583 257 2647 id
281 2582 369 2665 quod
393 2587 491 2649 etiam
514 2584 609 2650 simili
632 2605 692 2650 usu
716 2586 805 2650 verbi
828 2586 1003 2671 μαραίνεται
1028 2587 1263 2671 eomprobatur.

311 2709 399 2773 Inter
418 2709 508 2774 looos
529 2728 715 2775 eommunes
729 2709 810 2774 haee
828 2728 954 2792 quoque
973 2709 1169 2776 Aristaeneti
1187 2711 1289 2776 verba
1306 2710 1461 2794 putanda

224 2821 309 2881 sunt:

313 2942 362 3007 ep.
385 2924 410 2986 I.
425 2926 482 2989 21:
508 2921 618 2988 ἅπτου
641 2930 705 2988 τῶν
730 2931 888 3011 μαστῶν,
913 2921 1039 3008 ἡδίστων
1062 2923 1193 2989 ἀπόλαυε
1216 2927 1410 3012 φιλημάτων.

312 3047 462 3131 Exempli
495 3049 601 3131 gratia
633 3053 756 3112 tantum
794 3068 812 3114 e
847 3047 1034 3113 Philostrati
1067 3047 1206 3133 epistula
1237 3050 1280 3115 59
1313 3047 1456 3114 afferam

222 3152 317 3219 haee:

382 3267 498 3346 μόνοιν
521 3274 586 3327 των
610 3274 680 3327 σῶν
704 3273 848 3348 μαστῶν
871 3257 967 3348 ήδὲως
990 3260 1156 3349 ἅπτομαι.
1189 3329 1192 3338 A

310 3387 362 3451 val
380 3386 483 3456 ,Arist
498 3387 523 3450 l.
540 3389 598 3453 10:
621 3391 674 3452 καί
697 3389 805 3451 πολλοὶ
828 3387 876 3450 διά
898 3390 934 3452 τδ
952 3388 1019 3451 λίαν
1038 3385 1177 3471 ἐρωτικόν
1200 3396 1275 3458 τοῖς
1295 3384 1454 3476 ἴχνεσιῑ)

382 3494 452 3565 τοὺς
475 3491 585 3558 ἑαυτῶν
609 3493 778 3581 ἐφήρμοζον
801 3495 905 3566 πόδας.

310 3616 390 3683 Phil.
414 3637 466 3701 ep.
483 3621 539 3684 18:
562 3621 614 3682 καὶ
637 3621 677 3682 τδ
697 3617 802 3704 ἰ’χνος
824 3623 1065 3706 προσκυνήσομεν
1089 3623 1205 3690 πάντες.

311 3742 390 3808 (ium
414 3742 497 3808 alias
520 3748 586 3807 tum
610 3745 643 3806 iu
665 3742 862 3808 Aristaeneti
885 3742 1026 3827 epistula
1049 3744 1073 3808 Ι.
1089 3745 1133 3810 25
1156 3744 1263 3826 agitur
1291 3738 1331 3806 do
1361 3761 1453 3806 more

222 3850 342 3914 erotioo
367 3848 548 3914 rhetoribus
571 3868 728 3934 perquam
751 3849 916 3914 familiari:
941 3850 974 3914 in
996 3851 1163 3934 potatione
1187 3867 1300 3913 amans
1328 3867 1371 3912 ex
1395 3848 1452 3913 illo

220 3955 337 4039 poculo
370 3955 459 4038 bibit,
497 3975 538 4021 ex
571 3973 633 4036 quo
669 3961 766 4021 antea
797 3963 908 4021 amata
938 3957 1064 4040 potavit
1092 3957 1197 4021 etsie
1224 3955 1337 4034 osenla
1369 3956 1453 4019 inter

221 4062 334 4127 ambos
358 4059 474 4126 dantur
497 4062 585 4126 nullo
614 4061 676 4125 alio
701 4060 1024 4145 animadvertente32)
1058 4061 1116 4127 sed
1141 4060 1256 4127 audias
1285 4067 1450 4126 auotorem

310 4362 334 4432 ¹)
353 4364 394 4420 De
413 4364 498 4419 haere
518 4363 552 4419 ef.
568 4363 688 4419 Dilthe
693 4382 727 4433 y,
747 4363 865 4436 Cydipp.
876 4384 903 4437 p.
914 4367 959 4422 36.
995 4363 1287 4435 Areiphr.111.6u‚1:
1311 4360 1448 4431 βούλεσθαι

220 4453 251 4502 τά
269 4457 318 4502 τῶν
337 4449 418 4502 ποδῶν
437 4448 501 4524 ἴχνη
519 4448 673 4522 καταφιλεῖν.

312 4557 331 4622 ²)
352 4559 437 4615 Cuius
456 4559 498 4616 rei
515 4559 669 4616 Rohdius
690 4561 834 4632 complura
853 4560 983 4631 exempla
1003 4560 1086 4617 affert
1104 4561 1122 4615 l.
1142 4561 1161 4616 l.
1180 4579 1208 4632 p.
1228 4561 1288 4616 175.
