3020 5104
656 333 696 398 17

154 530 196 593 At
217 529 282 592 iam
305 526 472 592 videamus
497 547 579 609 quae
598 534 708 594 noster
726 548 744 592 e
760 528 896 592 Platone
916 529 1088 612 sumpserit
1106 529 1291 613 optimeque

54 635 105 701 de
140 634 366 720 compilatione
408 633 622 700 iudicabimus
662 635 811 700 omnibns
846 634 927 700 loeis
971 635 1063 705 iuxta
1103 636 1217 718 positis
1259 641 1293 700 et

53 742 200 808 collatis.
246 742 444 827 Incipiamus
468 741 525 806 ab:

449 922 475 985 1.
499 919 692 1004 Apologia
715 919 907 985 Socratis:

266 1043 454 1110 Platonis:
870 1031 1126 1110 Aristaeneti:
1188 1021 1190 1026 ⁸
1277 1015 1279 1024 ,

55 1169 166 1238 20D:
201 1164 264 1234 oda
286 1166 360 1253 ἔχω
383 1165 433 1231 ὅτι
457 1169 547 1250 λέγω
576 1163 650 1232 οὐδ’
706 1169 782 1234 1.1:
816 1164 880 1232 οώκ
907 1165 979 1254 ἔχω
1007 1165 1069 1232 ὅτι
1093 1168 1184 1249 λέγω
1213 1163 1294 1234 οὐδὲ

108 1275 402 1360 ὅπωςπαώιομαι.
683 1321 685 1326 -
747 1271 1044 1362 ώπώςπαίνωμαι.

404 1415 406 1420 ¹
465 1455 496 1518 2.
520 1453 575 1516 En
598 1451 887 1538 Euthyphrone:

58 1583 107 1646 12
123 1579 165 1646 A:
188 1573 400 1665 τροφᾷςώπὸ
419 1580 652 1665 πλοώτοοτης
705 1579 781 1644 I.l:
806 1589 992 1664 τρυφῶσαν
1033 1574 1098 1642 ὑπὸ
1132 1581 1295 1643 πλοώτοο

108 1693 228 1773 σοφίας.
410 1781 412 1786 Ι
750 1696 817 1771 της
841 1681 1026 1768 εὐπρεπείας.

548 1867 578 1930 3.
606 1863 632 1927 E
655 1861 812 1947 Lyside:

55 1991 133 2057 204
149 1987 188 2054 C:
226 1985 464 2075 ἐκκεκώφωκε
501 1991 542 2052 τὰ
579 1985 653 2053 dtu
707 1989 805 2054 1.24:
839 1975 1109 2074 ἐκκεκώφωκας
1135 1985 1221 2074 ἡμῶν
1253 1992 1295 2053 τὰ

109 2097 174 2159 καὶ
223 2093 434 2180 ἐμπέπληκε
483 2092 652 2166 Λίισιδος.
752 2093 825 2160 ώτα
847 2099 908 2160 καί
926 2093 1162 2180 ἐμπέπληκας
1180 2093 1297 2159 Ador-

54 2223 57 2230 ’
109 2199 151 2265 ἂν
173 2205 227 2286 μέν
245 2202 282 2286 δὴ
305 2205 359 2264 καὶ
380 2197 503 2285 ώποπίη,
526 2197 654 2288 εώμοιρία
753 2203 831 2275 δος,
859 2198 936 2266 ὥστε
962 2205 1016 2266 καὶ
1043 2200 1297 2287 ἀνεηρομένοις

108 2305 349 2394 ἡμῖνὲστινκαὶ
371 2303 653 2393 ἐξώπνοοέηρο-
751 2305 788 2378 ἐξ
820 2303 929 2372 ‘dureo
961 2307 1104 2374 οἴεσθαι
1136 2317 1198 2405 τοο
1230 2313 1297 2373 νέοο

109 2419 235 2500 μένοις
264 2412 394 2487 Λώσιδος
417 2413 560 2480 οἴεσθαι
583 2411 654 2479 ταώ·
754 2418 808 2500 την
831 2420 1028 2502 προσηγορίαν
1053 2413 1209 2481 ἀκοίιειν.

108 2543 190 2607 νομοι
213 2519 365 2586 ἀκοίνειν.
540 2507 542 2510 ’

159 2679 228 2758 Quo
252 2681 325 2747 loeo
348 2701 413 2746 non
437 2683 530 2748 abest
554 2683 694 2767 suspicio
719 2683 795 2764 quin
812 2683 1035 2748 Aristaenetus
1059 2684 1157 2749 etiam
1180 2701 1297 2748 nomen

2 2835 10 2917 η
60 2786 199 2872 Lysidis
222 2806 242 2851 a
266 2788 400 2872 Platone
424 2794 588 2855 mutuatus
611 2808 781 2873 personae,
807 2787 847 2853 de
872 2808 936 2870 qua
959 2790 1068 2872 agitur
1089 2791 1122 2852 in
1146 2789 1297 2874 epistula,

57 2895 223 2978 tribuerit,
247 2913 311 2960 non
333 2895 403 2978 ipse
427 2896 676 2979 excogitaverim
700 2916 719 2961 e
741 2893 863 2978 Lyside
878 2897 985 2962 etiem
1007 2901 1168 2981 sumptum
1192 2901 1255 2961 est:

60 3061 99 3124 p.
118 3039 185 3104 204
197 3037 239 3103 E:
263 3033 389 3109 ἱκανὸς
411 3040 476 3121 γὰρ
498 3041 560 3102 καὶ
587 3037 655 3103 ἀπὸ
709 3038 752 3102 ΙΙ.
769 3041 824 3104 19:
839 3035 963 3110 ἱκανὸς
980 3039 1016 3102 δὲ
1030 3043 1091 3102 καὶ
1105 3037 1173 3103 ἀπὸ
1187 3044 1298 3125 μόνου

114 3147 361 3232 μόνοιντοώτοο
380 3148 656 3226 γιγνώσκεσθαι.
755 3153 815 3210 τοῦ
838 3145 969 3216 κάλλοος
992 3149 1240 3227 γινώσκεσθαι.

518 3325 549 3389 4.
574 3323 601 3386 Ε
625 3321 842 3388 Charmide:

63 3448 138 3513 154
160 3445 200 3508 B:
243 3443 309 3531 ἐμοί
351 3442 432 3510 editu
475 3449 657 3533 σταθμητόν,
712 3447 737 3512 Ι.
753 3449 809 3514 28;
834 3443 917 3511 οὐδὲν
931 3442 1018 3531 εὖρον
1031 3448 1185 3528 διαγνῶναι
1198 3452 1299 3513 καθά-

116 3551 250 3637 ἀτέχνως
280 3555 337 3636 γὰρ
369 3554 480 3639 λευκὴ
511 3558 658 3641 στάθμη
756 3574 812 3638 περ
842 3552 875 3618 ἐν
901 3555 998 3637 λευκῷ
1026 3557 1104 3638 λίθῳ
1131 3559 1299 3645 στάθμην

115 3655 174 3746 εἰμί
196 3662 272 3744 πρὸς
293 3660 364 3731 τοὺς
385 3663 510 3732 καλοώς.
756 3662 888 3746 λευκὴν
912 3662 1067 3727 διατείνων.

68 3803 139 3870 154
154 3801 196 3864 D:
213 3797 268 3865 edu
285 3797 532 3886 εὐπρόσωπος
551 3798 657 3887 ὑπερ·
711 3802 735 3866 Ι.
751 3805 788 3869 3:
812 3802 922 3887 καίπερ
945 3799 1129 3891 θπερφοώς
1152 3799 1299 3888 εώπρόσ-

117 3905 384 3994 φοώς,ἧνδ’ἐγώ.
417 3905 444 3973 εί
457 3907 557 3976 ἐθέλοι
573 3909 658 3974 ἀπο·
756 3931 864 3984 ωπος,
902 3909 986 3997 ὅμως
1018 3909 1086 3976 ὅταν
1120 3909 1299 3997 ἀπεκδίιη-

116 4015 229 4098 δῦναι,
251 4013 347 4086 δόξει
370 4037 416 4080 σοι
443 4015 659 4099 ἀπρόσοπος
757 4039 829 4092 ται,
854 4015 1176 4103 ἀπρόσμποςέῖναι
1191 4019 1301 4083 δοκεῖ.

117 4141 199 4187 εινιιι.

69 4265 139 4330 155
153 4261 192 4330 C:
229 4262 358 4336 ἕκαστος
393 4268 450 4349 γὰρ
483 4261 567 4351 ἡμῶν
601 4277 659 4330 τών
714 4265 813 4333 incl:
837 4270 898 4331 καί
926 4264 1038 4340 ἄλλος
1065 4271 1122 4330 τὸν
1149 4270 1301 4355 πλησίον

116 4374 299 4458 καθημένων
322 4371 480 4459 Εογχιορών
498 4373 548 4437 τὸν
568 4372 660 4459 πλη·
759 4377 937 4457 προεώθει.

118 4481 194 4543 σίον
217 4475 326 4543 ἐώθει
348 4479 496 4564 σποοδη,
517 4476 567 4544 ἵνα
590 4475 659 4564 παρ’

115 4580 196 4669 αὐτῷ
218 4585 389 4658 καθέζοιτο.
