3020 5104
571 383 783 478 Aa„

47 581 91 640 et
109 573 283 660 doloribus,
305 574 398 659 dolis,
422 573 590 640 fraudibus
609 575 798 660 tractandis,
823 578 869 640 ita
883 582 918 641 ut
933 577 1115 662 complures
1130 578 1290 662 epistulae

48 680 493 766 argumentaoonroediae1)
518 683 704 767 respioiant.

150 789 297 874 Septima
321 808 447 871 quoque
472 789 612 874 epistula
630 789 717 854 illius
736 792 866 872 generis
889 796 948 873 est,
973 789 1032 856 sed
1056 789 1291 875 descriptiones

54 905 94 959 et
121 897 266 980 eorporis
293 895 539 981 pulohritudinis
563 902 595 961 et
618 902 753 961 naturae
776 895 976 980 praevalent.

537 1074 716 1158 Epistula
740 1073 819 1140 VII.

151 1197 247 1274 Quod
270 1199 492 1263 Aristaenetus
515 1199 547 1262 in
573 1200 661 1263 initio
690 1198 784 1264 huius
817 1199 975 1285 epistulae
1008 1197 1096 1282 dioit‚
1130 1199 1209 1263 nihil
1244 1205 1293 1264 est

50 1303 151 1368 aliud
184 1305 246 1369 nisi
278 1325 318 1368 ea
360 1323 443 1386 quae
480 1307 545 1369 iam
578 1305 709 1389 supra²)
743 1306 963 1370 tractavimus.
1018 1304 1292 1370 Pulohritudinem
1418 1365 1420 1369 .

49 1413 206 1476 nominat
233 1407 391 1498 αὐτοφυές,
419 1411 527 1477 idest
558 1413 620 1478 sibi
647 1413 720 1498 ipsa
744 1413 830 1476 omni
853 1418 1041 1496 ornamento
1071 1432 1186 1478 oarens
1213 1415 1293 1478 satis

49 1525 119 1582 est.
160 1517 349 1606 Comparari
360 1524 468 1603 potest
487 1517 568 1583 illud
585 1521 702 1592 κάλλος
722 1515 866 1606 αὐτοφυὲς
894 1539 966 1584 oum
989 1521 1093 1584 κάλλει
1117 1519 1293 1603 ἀσκευάστῳ
1321 1589 1324 1594 ,
1392 1579 1393 1584 ,

49 1623 248 1702 Philostrati
274 1627 372 1708 imag.
401 1626 433 1690 ΙΙ
452 1629 482 1692 9.
534 1625 643 1710 Virgo,
677 1625 718 1692 de
752 1645 816 1708 qua
847 1628 880 1690 in
913 1626 976 1692 hae
1009 1627 1148 1712 epistula
1175 1629 1292 1710 agitur,

49 1750 180 1815 eorpus
213 1751 304 1818 sunm
337 1733 370 1796 in
404 1732 478 1797 laou
509 1732 600 1798 lavat
631 1734 687 1817 lta,
721 1740 756 1797 ut
779 1731 938 1799 candidus
963 1735 1107 1818 eorporis
1140 1733 1228 1799 oolor
1252 1754 1293 1799 ex

51 1845 135 1901 atra
159 1855 245 1918 aqua
269 1839 443 1904 elucescat.

151 1945 341 2027 Priusquam
364 1945 408 2010 ad
430 1946 532 2012 verba
555 1947 628 2030 ipsa
651 1946 862 2032 aoeedamus,
892 1947 959 2012 alia
986 1954 1020 2012 et
1042 1947 1238 2014 Aristaeneti
1261 1955 1293 2012 et

50 2051 248 2116 Philostrati
273 2051 471 2118 consuetudo
495 2060 631 2119 notetur.

160 2153 279 2242 Ambo,
313 2178 503 2241 quoeunque
540 2160 637 2225 modo
669 2159 739 2225 fieri
780 2167 900 2246 potest,
935 2162 1077 2226 oolorum
1119 2161 1293 2226 discrimen

52 2265 236 2347 diligenter
274 2267 460 2331 examinant
496 2273 528 2332 et
563 2269 739 2352 praecipue
778 2267 918 2333 colorem
954 2270 1081 2352 nigrum
1120 2273 1152 2333 et
1183 2269 1293 2332 album

52 2371 263 2454 distinguunt
284 2372 336 2437 vel
360 2372 543 2457 ostendunt,
568 2372 728 2456 quomodo
753 2374 837 2440 alter
860 2375 900 2440 ab
926 2376 1027 2440 altero
1051 2374 1223 2459 discrepet.

154 2477 215 2554 Qui
238 2499 316 2544 usus
349 2479 436 2564 apud
464 2480 703 2565 Philostratum‚
739 2487 773 2546 ut
806 2483 860 2563 qui
884 2483 962 2547 artis
994 2481 1117 2566 peritus
1149 2483 1293 2567 picturas

53 2590 291 2670 interpretetur
310 2588 518 2670 singulasque
542 2588 738 2653 subtilitates
756 2595 854 2672 notet,
879 2608 943 2653 non
967 2595 1017 2654 est
1039 2591 1153 2670 mirus3
1178 2587 1294 2670 quodsi

53 2712 139 2757 vero
159 2693 257 2758 etiam
272 2693 495 2760 Aristaenetus
513 2693 598 2760 hano
619 2715 687 2760 rem
700 2694 857 2779 adhibuit,
883 2695 1121 2762 demonstratur
1144 2714 1217 2760 eum
1230 2693 1294 2760 hae

53 2818 190 2881 quoque
213 2799 247 2864 in
270 2808 364 2884 parte
395 2821 415 2866 a
438 2800 631 2866 Philostrato
653 2801 737 2867 duoi.
776 2801 880 2878 Quam
900 2822 968 2866 rem
987 2822 1059 2868 oum
1083 2822 1124 2867 ex
1144 2803 1293 2886 exemplo

54 2904 149 2988 qnod
174 2925 215 2970 ex
237 2908 343 2991 prima
366 2907 506 2992 epistula
529 2914 728 2974 reservatum
748 2907 803 2984 ,hio
825 2908 1016 2993 proferatur,
1041 2915 1108 2974 tum
1123 2929 1141 2973 e
1156 2911 1295 2994 septima

54 3013 203 3097 epistula
226 3013 460 3096 intellegemus.

152 3119 190 3184 In
213 3121 318 3204 prima
345 3121 484 3206 epistula
513 3122 623 3186 album
650 3123 815 3188 oculorum
842 3143 864 3187 a
890 3122 982 3206 nigro
1010 3123 1205 3207 pupillarum
1229 3120 1295 3186 dis-

55 3228 232 3311 tinguitur:

220 3339 253 3398 τὸ
279 3333 371 3421 μέλαν
393 3331 489 3399 αὐτῶν
514 3339 704 3422 μελάντατον,
728 3343 781 3402 aad
794 3341 827 3401 ub
845 3339 948 3420 τώκλῳ
972 3339 1077 3401 λευκὸν
1103 3339 1291 3412 habueramus,

54 3460 146 3523 quae
178 3439 279 3505 verba
315 3441 388 3525 ipsa
421 3461 462 3505 ex
492 3441 728 3527 Aleiphronis³)
761 3444 902 3528 epistula
938 3443 1114 3527 sumpsisse
1147 3441 1293 3524 videtur;

58 3548 172 3632 pergit
195 3554 317 3612 autem:

221 3657 274 3718 uui
297 3651 440 3739 ἑκάτερον
462 3651 629 3741 ὑπερβολὴν
651 3659 724 3742 πρὸς
751 3661 786 3722 τὸ
814 3655 912 3740 ἕτερον
950 3654 1143 3721 ἐπιδείκνυται
1176 3660 1230 3720 καὶ
1261 3660 1293 3718 τὸ

225 3763 292 3824 λίαν
315 3758 454 3847 ἀνόμοιον
478 3758 630 3848 εὐδοκιμεῖ
649 3768 876 3850 παρακείμενον.

152 3885 242 3950 Haeo
265 3886 362 3970 plane
387 3884 484 3950 diotio
508 3886 738 3970 Philostratea3
764 3887 1015 3972 eeompluribus
1035 3885 1192 3970 exemplis
1208 3885 1291 3950 haee

58 3993 282 4057 conferantur:

150 4099 248 4182 imag.
272 4100 303 4164 Il
317 4099 355 4179 p':
379 4103 482 4164 καὶτὰ
497 4098 698 4166 ἐναντιώτατα,
711 4113 768 4166 τῶν
781 4106 951 4188 χρωμάτων
971 4101 1003 4174 ἐς
1022 4105 1073 4186 τὴν
1088 4109 1141 4165 τοῦ
1159 4100 1290 4170 astion<

221 4208 372 4294 συνθήκην
396 4203 546 4291 ὁμολογεῖ.

154 4382 175 4451 ¹)
194 4382 236 4438 Of.
255 4401 320 4454 pag.
340 4384 365 4439 4.

152 4470 174 4539 'l
192 4471 233 4527 cf.
253 4491 319 4543 pag.
338 4473 382 4528 34.

151 4559 174 4629 ⁸)
192 4561 233 4616 cf.
248 4563 320 4630 frag.
335 4563 353 4616 5
372 4559 586 4632 (Seheperslt
605 4562 647 4613 ml.
666 4561 693 4613 τὸ
710 4561 790 4632 μέλαν
805 4559 831 4614 αἱ
845 4560 917 4632 κόραι
935 4559 1087 4632 pabulatorum.
1105 4563 1149 4614 uui
1165 4563 1192 4614 τὸ
1206 4560 1293 4633 κύκλῳ

61 4648 175 4701 λευκὸν..
213 4649 254 4707 cf.
274 4668 361 4722 supra
378 4669 444 4722 pag.
464 4651 499 4706 25
