3020 5104
748 327 887 420 ...lt
953 418 958 424 ,

328 518 442 584 Arist:
473 517 522 584 ἵνα
552 518 635 603 Ιδείξῃ
663 523 716 604 τὴν
742 525 879 606 κνήμην
906 517 1056 607 ὶθοτενῆ
1088 525 1140 585 ναὶ
1172 523 1251 586 πόδα
1280 525 1392 590 λεπτὸν
1424 530 1477 588 καὶ

399 623 557 712 εόροθμον,
587 631 619 690 et
973 641 975 648 ’

328 730 409 798 Phil.
433 732 531 815 imag.
555 730 587 796 Il
602 730 640 815 β’τ
674 729 800 796 atheia
822 738 874 819 μέν
898 737 955 817 γὰρ
979 731 999 819 ἠ
1023 739 1140 821 κνήμη
1163 747 1203 820 τῷ
1226 738 1315 801 neth

328 853 418 920 Haeo
442 854 483 920 de
506 854 609 940 primo
634 855 843 940 epistularum
868 856 963 939 libro;
988 857 1053 922 iam
1068 857 1111 923 ad
1126 858 1263 925 alterum
1276 879 1476 944 pergamus,

238 963 294 1046 qui
332 980 438 1046 pauca
476 959 620 1045 quidem,
657 961 717 1028 sed
753 962 835 1029 satis
872 963 986 1046 gravia
1025 971 1215 1049 argumenta
1250 968 1387 1052 praebet
1431 969 1477 1034 ad

237 1066 396 1135 rationem
421 1067 714 1149 demonstrandam,
739 1090 803 1152 qua
819 1070 1045 1138 Aristaenetus
1060 1071 1250 1139 Philostrati
1267 1073 1478 1158 imaginibus

238 1195 316 1241 nsua
341 1183 401 1243 ast.

653 1283 731 1349 Lib.
756 1283 791 1347 ΙΙ
826 1284 997 1368 epistula
1020 1286 1045 1350 1.

327 1409 376 1472 Ex
407 1407 511 1492 prima
545 1405 685 1493 epistula
717 1406 792 1472 libri
825 1409 959 1476 secundi
991 1409 1077 1475 hand
1112 1410 1179 1478 scio
1210 1430 1252 1476 an
1280 1411 1364 1478 haec
1395 1434 1476 1479 cum

238 1513 428 1580 Philostrati
453 1513 549 1580 dictis
573 1513 794 1600 comparanda
818 1515 896 1584 sint:

328 1621 513 1706 Asperitate
536 1619 715 1706 puellarum
740 1630 887 1688 amantes
910 1621 1016 1704 magis
1041 1622 1235 1689 excitantur:

325 1727 438 1792 Arist:
462 1728 659 1814 χαριέστατον
684 1727 750 1792 οἶδα
772 1733 804 1793 τὸ
829 1733 951 1814 σμικρὸν
975 1726 1176 1803 ὀτοκνίζειν
1197 1734 1278 1804 τοὺς
1301 1738 1417 1806 νέοος.

326 1833 408 1898 Phil.
433 1835 529 1917 imag.
564 1832 636 1918 Iu':
678 1833 698 1921 t,
732 1837 762 1900 δὲ
793 1842 910 1923 κομψόν
942 1860 967 1900 τι
1003 1832 1109 1910 αότοὺς
1140 1837 1253 1923 ’έχοοσα
1280 1839 1396 1912 κνίζει
1426 1845 1476 1904 τὰ

398 1947 572 2028 μειράκια.

717 2048 899 2134 Epistula
923 2049 981 2116 lV.

326 2171 418 2248 Quae
442 2174 474 2237 in
498 2180 612 2256 quarta
637 2173 776 2258 epistula
800 2172 937 2257 legimus
961 2174 1075 2240 verba:

396 2285 447 2345 καί
477 2304 525 2366 por
553 2278 645 2353 οὕτως
673 2282 811 2370 άπεράνη
838 2285 921 2366 καλὴ
949 2280 1050 2366 ὥσπερ
1079 2279 1105 2346 ei
1131 2293 1261 2369 χρυσοῦν
1288 2305 1354 2349 τινα
1382 2306 1476 2370 περι-

394 2387 488 2452 έκειτο
510 2394 566 2452 κάο
591 2410 625 2453 ον

236 2463 367 2560 sensum
393 2492 530 2560 eundem
554 2412 711 2578 phaebent
734 2501 832 2578 atque
856 2515 941 2578 quae
966 2495 1182 2562 Philostratus
1205 2493 1285 2562 dicit
1308 2496 1342 2561 in

258 2653 260 2658 .
324 2599 420 2683 imag.
444 2600 476 2664 Π
499 2599 543 2664 θ’;
577 2599 764 2667 deuehuntur
787 2605 901 2674 κάλλος
930 2602 998 2668 vel:

324 2707 422 2790 imag.
445 2707 477 2770 ll
500 2707 543 2795 rp':
576 2713 628 2771 καὶ
651 2706 671 2794 ἡ
696 2709 766 2794 δέρη
791 2707 832 2774 ’έτι
855 2707 947 2795 ἡδίων
971 2707 1027 2774 hod
1051 2719 1102 2775 τοῦ
1126 2714 1169 2798 μὴ
1191 2713 1411 2796 κεκοσμήσθω.

325 2831 500 2897 Rhetorum
530 2840 600 2898 crat
628 2852 782 2915 genarum
810 2833 1081 2918 pulchritudinem
1110 2840 1142 2900 et
1169 2855 1261 2900 rosas
1284 2833 1475 2920 depingere

235 2944 425 3021 gratumque
455 2945 504 3005 est
531 2937 654 3023 videre,
687 2938 846 3022 quomodo
870 2939 1095 3007 Aristaenetus
1123 2939 1166 3005 ad
1195 2939 1280 3007 hanc
1308 2960 1377 3006 rem
1401 2941 1475 3007 ele-

235 3050 351 3127 ganter
373 3043 622 3130 persolvendam
646 3043 728 3111 duos
751 3046 840 3111 locos
870 3067 910 3112 ex
933 3045 1122 3113 Philostrati
1150 3046 1291 3129 imagine
1319 3047 1474 3129 quadam

235 3151 513 3219 contaminaverit.

324 3278 478 3360 Legimus
501 3275 534 3340 in
558 3275 674 3342 eadam
699 3275 839 3362 epistula
863 3277 923 3344 IV:

395 3383 488 3448 αἰδὲ
516 3389 661 3467 anparai
683 3389 743 3450 τὸν
767 3397 835 3450 τῶν
859 3386 1025 3470 ὀμμάτων
1052 3369 1176 3472 ἵμερον
1204 3382 1470 3471 ὑποδέχονται,

396 3493 434 3556 ὃν
467 3492 615 3577 φιλῆσαι
649 3496 709 3577 μέν
742 3490 903 3576 ἥδιστον,
939 3493 1154 3575 ἀπαγγεῖλαι
1187 3493 1222 3556 δὲ
1254 3489 1291 3556 ori
1324 3489 1471 3576 ῥᾴδιον,

235 3597 425 3681 quibuscum
449 3595 669 3663 oouierantur:

323 3702 405 3769 Phil.
430 3705 526 3786 imag.
549 3702 581 3767 II
605 3705 639 3766 a':
682 3702 702 3790 ἡ
735 3706 771 3768 δέ
803 3709 934 3789 eupasia
966 3702 1183 3792 ὀποδὲχεται
1211 3711 1269 3770 τὸν
1298 3703 1365 3769 ἀπὸ
1397 3719 1469 3772 τῶν

395 3808 559 3896 ὀμμάτων
581 3809 718 3897 ἵμερον,

235 3939 276 3983 ex
299 3916 415 3984 eadem
438 3916 579 4000 imagine
602 3918 700 4001 paulo
723 3917 872 3984 inferius:

299 4073 302 4080 .
369 4069 371 4076 ,
395 4030 490 4110 οτόμα
514 4025 544 4086 δὲ
567 4021 685 4088 ἁπαλὸν
708 4029 761 4089 καὶ
784 4023 944 4111 ἀνάμεστον
970 4025 1104 4110 ὀπώρας,
1129 4029 1277 4114 φιλῆσαι
1300 4029 1360 4109 μὲν
1388 4025 1468 4112 ἥδι-

396 4153 491 4205 στον,
516 4129 731 4213 ἀπαγγεῖλαι
755 4133 790 4197 δὲ
813 4128 851 4195 οό
875 4128 1006 4216 ῥᾴδιον.

323 4254 420 4340 Apud
442 4252 670 4320 Philostratom
695 4255 775 4321 illud
799 4260 922 4344 ριλῆοαι
947 4255 1086 4339 quadrat
1110 4255 1239 4341 optime,
1262 4275 1336 4320 nam
1352 4257 1465 4338 agitur

236 4362 277 4428 de
316 4383 381 4448 ore,
424 4363 515 4430 cuius
552 4362 784 4431 osculationem
820 4363 1037 4430 Philostratus
1074 4361 1188 4429 laudat
1225 4361 1464 4442 dulcissimam3

235 4468 461 4537 Aristaenetus
485 4477 592 4537 autem
616 4477 784 4555 utrumque
806 4470 912 4536 locum
935 4470 983 4535 ita
1008 4469 1255 4555 contaminavit,
1277 4474 1313 4535 ut
1336 4471 1463 4558 φιλῆσαι
1508 4475 1509 4528 t

236 4574 279 4642 ad
305 4575 407 4662 ἵμερον
440 4578 603 4662 respiciat,
637 4575 724 4661 quod
748 4597 875 4644 sensum
900 4577 1037 4662 praebet
1058 4595 1201 4662 pravum.
1508 4553 1509 4584 ὀ
