3020 5104
711 373 923 466 *aa*

291 564 397 630 Unum
422 564 576 630 addatur:

292 677 425 753 uterque
459 677 571 737 auetor
608 669 741 736 adamat
773 673 869 736 oertis
909 670 1054 736 formulis
1087 673 1225 736 transire
1258 671 1302 736 ad
1339 673 1447 736 aliam

204 799 271 844 rem
293 777 504 862 narrandam,
532 777 567 843 id
591 777 677 860 quod
706 778 803 844 etiam
828 797 869 844 ex
891 777 954 842 hao
978 774 1119 862 epistula
1141 777 1360 862 intellegitur,
1392 787 1444 843 ut:

362 883 482 950 κάκεῖνο
518 885 759 968 ἐπιτερπὲστοιτον
791 883 844 950 vel
876 883 996 950 κάκεῖνο
1033 883 1162 970 ἥδιστον.
1227 884 1359 950 Similia
1396 889 1446 950 in-

363 991 532 1057 veniuntur
554 993 587 1056 in
611 990 798 1056 Philostrati
821 992 963 1074 imagine
986 991 1002 1054 I
1025 990 1073 1056 λα’
1097 997 1129 1056 et
1152 991 1275 1056 alias.¹t

292 1116 334 1180 At
358 1115 399 1180 de
426 1117 521 1182 tertia
545 1115 684 1200 epistula
712 1114 884 1198 haetenus3
917 1116 986 1181 sine
1015 1113 1112 1180 dubio
1137 1136 1178 1183 ex
1209 1119 1283 1201 ipsa
1317 1118 1443 1200 elucet,

205 1228 403 1307 quantopere
426 1222 649 1288 Aristaenetus
677 1243 697 1285 a
720 1221 914 1288 Philostrato
942 1221 1094 1308 pendeat,
1127 1223 1174 1287 ita
1200 1230 1235 1287 ut
1268 1243 1372 1309 saepe
1400 1245 1443 1290 ex

205 1349 269 1394 nna
293 1335 390 1412 atque
414 1329 529 1396 eadem
552 1330 694 1412 imagine
717 1328 855 1394 hauriat.
900 1349 902 1354 ·

292 1435 398 1502 Minus
414 1435 465 1500 ad
488 1443 633 1502 nostram
661 1437 883 1518 quaestionem
916 1442 1029 1518 quarta
1060 1437 1155 1520 primi
1187 1435 1261 1500 libri
1294 1438 1441 1521 epistula

205 1543 296 1626 lauit,
327 1562 521 1625 quamquam
553 1541 686 1609 llosoulo
720 1563 738 1610 e
770 1542 956 1609 Philostrati
985 1543 1127 1626 imagine
1155 1549 1282 1627 sumpto
1307 1544 1440 1628 insipit:

697 1719 876 1806 Epistula
899 1719 949 1784 IV

362 1841 449 1930 ὁροζις
472 1843 602 1929 ἐκείνην,
632 1843 656 1908 ὦ
680 1845 762 1930 φιλε,
792 1849 846 1930 τὴν
873 1844 1144 1926 ἐπιβάλλουσαν
1167 1849 1229 1930 τὴν
1253 1855 1368 1932 χεῖμα
1392 1859 1438 1932 τῇ

363 1952 555 2036 auidiorem

199 2057 301 2124 Haud
333 2060 411 2142 seio,
445 2078 522 2126 num
555 2061 626 2142 qais
657 2058 690 2124 in
721 2058 771 2124 his
794 2057 903 2123 verbis
940 2058 1140 2144 simplicibus
1173 2058 1439 2144 compilationem

207 2165 406 2250 suspicatum
431 2172 540 2231 tamen
563 2165 645 2232 haee
669 2166 808 2232 elooutio
834 2184 895 2230 uno
911 2166 1070 2232 vooabulo
1086 2171 1208 2230 mutato
1227 2165 1315 2250 apud
1331 2165 1439 2232 Philo-

206 2278 339 2338 stratum
362 2273 522 2340 invenitur
546 2273 579 2336 in
602 2274 743 2354 imagine

293 2395 325 2460 ΙΙ
339 2375 405 2478 λγ’;’
432 2398 468 2483 ἣν
492 2395 572 2483 οἶμαι
595 2395 682 2482 ὁρᾷς
706 2397 978 2480 ἐπιβάλλουσαν
997 2401 1061 2481 τὴν
1080 2407 1188 2482 χεῖμα
1207 2409 1252 2481 τῷ
1273 2402 1436 2482 στόματι.

296 2519 480 2586 Seoundum
505 2521 751 2605 sophistarumu
776 2541 897 2588 morem
920 2521 1144 2586 Aristaenetus
1167 2528 1255 2586 amat
1287 2519 1328 2586 de
1362 2541 1438 2587 oou·

208 2629 310 2691 lorum
334 2625 461 2710 fulgore
485 2629 661 2693 amantium
676 2629 777 2694 verba
799 2629 919 2712 faeere,
944 2629 998 2710 qui
1021 2629 1114 2710 quasi
1137 2628 1225 2710 loqui
1249 2628 1434 2694 videantur:

366 2735 600 2808 autoramento
623 2735 762 2800 θέλουσιν
785 2733 994 2822 ὀφθαλμοῖς
1018 2734 1199 2822 ἐπιχαρίτως
1222 2733 1339 2822 ἐδήλου.

295 2859 387 2924 Idem
412 2857 545 2925 adamat
567 2859 780 2926 Philostratus
805 2863 865 2926 etsi
889 2860 962 2925 aliis
985 2860 1106 2925 verbis:

295 2968 392 3048 imag.
417 2964 476 3030 It':
523 2965 637 3038 ὀπαδὸς
673 2969 704 3030 δὲ
741 2969 853 3052 ἔρωτος
867 2979 873 2992 ’
887 2966 993 3053 ἵμερος
1034 2963 1114 3031 οὕτω
1159 2966 1330 3052 ἐπιαέχυται
1372 2979 1436 3040 τοῖς

366 3071 591 3162 ὀφθαλμοῖς,
614 3073 682 3140 vel:

298 3198 395 3282 imag.
420 3199 451 3262 ll
465 3197 523 3280 ar':
558 3202 703 3284 βλοσυρὸν
723 3201 844 3283 μειδιῶν
862 3202 915 3263 καὶ
935 3198 1019 3269 Εένον
1042 3201 1103 3261 οιαὶ
1127 3208 1203 3269 τοῖς
1225 3195 1436 3284 ὀφθαλμοῖς

369 3304 510 3378 ἀτενίζων
544 3303 587 3377 εἷς
619 3302 708 3380 αὐτά,
740 3309 794 3391 τὴν
827 3307 858 3369 δέ
889 3314 939 3368 τοῦ
968 3307 1140 3391 βλέμματος
1168 3305 1277 3369 ἔννοιαν
1313 3303 1432 3384 ἀπάγων

370 3409 414 3484 εἰς
437 3413 457 3474 ἃ
479 3410 674 3499 ἐξηπάτηται.

299 3535 505 3622 Quantopere
532 3535 677 3602 rhetores
710 3536 751 3602 de
783 3535 903 3602 talibus
932 3536 1028 3602 rebus
1057 3537 1196 3620 egerint,
1230 3533 1431 3618 Rohdiusi)

211 3643 378 3729 permultis
402 3643 482 3708 loois
505 3643 688 3710 illustravit.

300 3770 337 3833 ln
361 3767 500 3853 epistula
532 3770 644 3850 quinta
675 3775 708 3834 et
736 3775 829 3832 sexta
861 3767 946 3832 nihil·
972 3767 1141 3850 invenitur,
1175 3764 1262 3848 quod
1294 3765 1337 3830 ad
1366 3787 1430 3831 rem

211 3882 353 3942 nostram
377 3876 513 3940 alieuius
545 3876 696 3940 momenti
721 3875 771 3940 sit.
827 3874 918 3940 Idem
951 3872 992 3938 de
1025 3875 1098 3938 aliis
1131 3891 1258 3955 quoque
1292 3873 1430 3956 epistolis

210 3983 275 4048 dioi
299 3982 418 4048 debere
438 4002 501 4048 non
523 3983 583 4047 erit
599 3981 730 4064 mirum3
754 4001 828 4046 nam
843 3982 1039 4045 Aristaeneti
1054 3979 1213 4064 epistulae
1233 3986 1307 4044 sunt
1325 3982 1429 4045 erotioi

211 4090 340 4172 generis
372 4095 405 4153 et
432 4108 526 4154 omno
553 4087 692 4154 studium
725 4089 880 4172 imprimis
905 4087 1038 4152 eontulit
1069 4088 1102 4150 in
1131 4106 1276 4151 amorum
1308 4086 1427 4170 gaudiis

302 4285 323 4349 ¹)
342 4284 408 4340 Alia
427 4283 556 4355 exempla
575 4283 640 4339 ride
659 4283 735 4354 apud
755 4283 843 4338 Guil.
864 4282 998 4338 Sohmid
1016 4283 1034 4336 l.
1054 4283 1072 4336 l.
1093 4282 1139 4348 IV,
1159 4301 1187 4352 p.
1206 4281 1267 4336 527.

300 4373 322 4440 2)
342 4372 382 4429 Cf.
402 4375 423 4428 Ι.
443 4373 545 4428 Fr'irst
567 4372 586 4427 l.
603 4372 621 4426 l.
642 4391 669 4444 p.
688 4373 749 4426 337.

301 4461 616 4534 8101Βυ1νι11υυιφ.
638 4462 741 4526 roua.
779 4461 833 4516 Hie
856 4461 978 4530 exempli
1001 4460 1095 4530 gratia
1119 4459 1286 4516 afferantur:
1310 4457 1427 4528 Xenoph.

211 4551 429 4623 Ephesiae.
458 4551 560 4606 thill.
574 4551 638 4608 Tat.
653 4551 673 4606 Ι.
692 4551 718 4616 4,
738 4551 763 4605 3.
792 4549 901 4606 Similia
919 4549 1054 4619 leguntur
1072 4549 1149 4620 apud
1163 4547 1345 4604 Heliodorum
1363 4565 1427 4602 oom-

212 4641 340 4715 pluribus
359 4640 437 4708 loeis,
456 4643 490 4694 ut
509 4641 529 4695 1.
546 4641 588 4705 30,
609 4641 643 4695 ΙΙ.
658 4641 683 4704 5,
704 4640 738 4694 ΙΙ.
755 4641 797 4694 16.
