3020 5104
718 342 930 437 nii.--

210 553 309 620 supra
342 531 528 617 .vidimus,¹)
562 533 716 599 nonnulla
730 573 734 580 ·
749 536 846 599 etiam
879 535 912 597 in
944 533 1090 598 Platonis
1122 532 1271 599 Phaedro
1308 535 1434 600 invenit

210 640 276 708 Sed
301 645 430 706 exstant
454 642 533 706 satis
557 640 658 706 multa
682 659 766 722 quae
789 641 1013 706 Aristaenetus
1034 639 1229 705 Philostrato
1255 639 1386 706 debeat.

298 766 348 829 Ex
372 766 513 847 imagine
535 766 567 829 Il
582 766 614 838 ιζ
643 766 794 845 (insulae)
828 770 973 849 sumptus
997 771 1046 830 est
1068 764 1120 829 hic
1144 765 1249 830 locus:
1493 767 1495 824 l

369 876 442 956 πρὸς
474 875 551 937 θέαν
582 880 648 938 τῶν
683 875 850 957 βοτρὺων,
889 870 936 937 ὧν
968 873 1001 936 οἳ
1031 876 1094 956 μὲν
1127 869 1297 956 ὀργῶσιν,
1336 874 1370 937 οἳ
1408 875 1445 935 δὲ

369 984 599 1063 περκάζουσι,
630 979 662 1041 οἳ
685 981 720 1042 δὲ
742 978 920 1067 ὄμφακες,
945 979 978 1043 οἳ
1004 980 1040 1043 δὲ
1069 977 1234 1043 stomun,
1258 981 1443 1047 δοκοῦσιν,

301 1122 397 1185 quem
420 1101 569 1169 conferas
594 1123 666 1168 curn
688 1102 883 1168 Philostrato
1493 1155 1495 1204 χ

298 1213 397 1294 imag.
421 1210 517 1284 Ilrd':
551 1213 677 1294 βότρυς
700 1212 735 1275 δὲ
758 1212 790 1274 οἳ
813 1215 872 1294 μὲν
896 1208 1059 1294 ὀργῶσιν,
1090 1211 1122 1274 οἳ
1148 1213 1183 1274 δὲ
1205 1213 1444 1294 περκάζουσι,
1494 1229 1495 1258 ι

370 1319 403 1382 οἳ
426 1319 461 1382 δὲ
484 1317 665 1403 ὄμφακες,
690 1317 724 1381 οἳ
746 1313 772 1380 δ’
797 1314 961 1383 otacrum
984 1317 1158 1381 δοκοῦσιν.

300 1441 397 1509 Nulla
416 1440 484 1506 fere
504 1443 679 1506 mutatione
694 1443 918 1506 Aristaenetus
938 1449 1038 1506 toturn
1052 1442 1158 1506 locum
1173 1442 1306 1526 recepit.
1334 1441 1445 1505 Philo-

212 1555 331 1614 stratus
360 1550 444 1633 ipse,
473 1548 507 1613 id
536 1547 622 1630 quod
651 1567 750 1632 saepe
779 1550 874 1631 solet,
908 1548 998 1612 illam
1026 1568 1160 1612 uvarum
1189 1547 1443 1631 descriptionem

212 1652 388 1722 secundum
410 1655 543 1721 Homeri
565 1675 678 1721 versus
702 1654 858 1737 quosdam
882 1655 1057 1720 instituisse
1081 1653 1247 1735 videtur-A)

301 1780 364 1844 Per
401 1779 541 1844 medium
577 1779 704 1845 hortum
740 1782 827 1844 rivus
864 1778 923 1846 sub
961 1781 1092 1864 platano
1129 1777 1291 1864 profluens
1329 1786 1363 1844 et
1399 1779 1443 1843 ad

212 1889 408 1953 lavationem
431 1888 570 1952 invitans
594 1888 705 1952 currit:

258 1976 261 1986 ¹
373 1992 392 2080 ἡ
423 1997 454 2058 δὲ
477 1998 558 2081 πηγὴ
583 1998 769 2081 χαριεστάτη
788 1989 844 2057 υπὸ
868 2005 906 2078 τῇ
931 1996 1073 2076 πλατάνῳ
1098 1989 1144 2076 ῥεῖ
1168 1987 1276 2065 ὕδατος
1300 1988 1333 2056 εὖ
1358 1996 1444 2078 μάλα

373 2107 490 2188 ψυχροῦ
513 2106 565 2166 καὶ
589 2103 751 2188 διαφανοῦς
767 2150 774 2164 .
791 2149 798 2163 .
815 2151 822 2164 .

214 2246 311 2308 quam
344 2224 593 2311 descriptionem
626 2227 849 2291 Aristaenetus
884 2245 902 2290 c
934 2225 1079 2290 Platonis
1111 2224 1260 2289 Phaedro
1294 2226 1444 2309 sumpsit,

214 2352 408 2416 quamquam
442 2333 559 2397 similia
592 2335 688 2398 etiarn
722 2331 811 2418 apud
836 2331 1065 2397 Philostratum
1097 2333 1309 2415 inveniuntur,
1342 2338 1380 2395 ut
1412 2334 1444 2394 in

214 2441 356 2522 imagine
378 2439 450 2524 lu,
486 2439 540 2504 ubi
564 2441 640 2504 item
665 2441 752 2505 rivus
775 2460 833 2524 per
856 2438 997 2504 medium
1020 2438 1146 2504 hortum
1160 2437 1230 2503 fluit
1244 2443 1275 2502 et
1289 2438 1444 2503 balneum

215 2546 359 2632 praebet.
406 2547 455 2610 lix
479 2546 594 2611 eadem
619 2553 727 2612 autem
749 2547 890 2630 imagine
914 2545 997 2610 haec
1021 2553 1148 2630 sumpta
1171 2544 1332 2610 videntur:

305 2672 509 2737 Aristaenelo
529 2691 592 2736 non
612 2674 693 2737 satis
717 2678 766 2736 est
788 2674 890 2735 rivum
913 2691 972 2756 per
990 2671 1115 2735 hortum
1133 2669 1284 2736 fluentem
1304 2690 1445 2736 comme·

216 2799 371 2862 morasse,
406 2779 502 2844 immo
526 2781 645 2845 mentio
670 2781 729 2842 rivi
752 2798 865 2844 ansam
888 2778 1023 2863 praebet
1056 2777 1098 2842 ad
1131 2779 1239 2842 varias
1272 2778 1355 2843 alias
1392 2799 1443 2844 en-

215 2886 417 2970 plioationes,
444 2905 578 2966 quarum
601 2885 686 2951 hanc
710 2885 825 2950 afferre
848 2886 961 2950 liceat:

374 2996 456 3080 καλὴ
481 2998 532 3078 μὲν
554 2989 605 3058 οὖν
624 2990 644 3078 ἡ
663 2997 744 3080 πηγὴ
763 2996 816 3057 οιαὶ
833 2989 909 3057 καθ’
928 2990 1045 3077 ἑαυτήν,
1069 2991 1247 3078 φαιδροτέρα
1271 2993 1301 3055 δὲ
1324 2996 1445 3077 μᾶλλον
1492 3043 1493 3056 t

375 3098 470 3164 ἐδόκει
493 3111 555 3173 τοῖς
574 3096 779 3183 ευυδεστὲρσις
797 3099 1038 3186 ὲπιτοσμηθεῖσα
1051 3107 1108 3163 τῶν
1127 3101 1259 3185 philos,
1279 3099 1333 3180 qui
1352 3100 1444 3164 locus

377 3213 580 3291 comparetur
603 3226 674 3271 oum
698 3206 885 3271 Philostrati

305 3331 402 3414 imag.
424 3332 502 3394 Io':
540 3333 587 3395 διὰ
611 3331 699 3417 μέσου
722 3335 779 3416 γὰρ
802 3340 853 3396 του
877 3327 988 3402 ὓδατος
1011 3331 1168 3416 άμάραντα
1190 3333 1265 3394 vaber
1282 3382 1289 3396 .
1304 3379 1335 3399 ..
1360 3329 1445 3416 ἡδεῖς

377 3437 531 3523 ἀστάχυες
553 3443 605 3502 καὶ
629 3440 793 3520 βάλλοντες
815 3437 901 3502 ἄνθει
924 3441 957 3501 τὸ
981 3433 1068 3522 ὕδωρ.

307 3561 439 3628 Scilicet
462 3561 572 3629 hortus
597 3583 618 3627 a
641 3563 749 3628 multis
772 3564 887 3628 avibus
911 3545 1051 3645 aliisque'
1075 3562 1270 3628 animalibus
1297 3561 1445 3645 frequen-

216 3668 313 3734 tatur.
360 3669 395 3732 ln
424 3670 503 3753 ipsis
531 3689 659 3752 quoque
689 3669 910 3736 describendis
939 3671 1160 3736 Aristaenetus
1189 3668 1232 3734 ad
1259 3669 1444 3736 Philostrati

217 3777 405 3860 imaginem,
440 3774 512 3841 dico
537 3776 675 3843 eandem
706 3777 784 3856 Iu,
817 3778 964 3860 recurrit3
997 3777 1124 3842 loeutus
1157 3779 1241 3841 enirn
1274 3776 1315 3841 de
1349 3783 1445 3842 cantu

217 3883 425 3948 lusciniarum
453 3885 560 3968 pergit
588 3905 651 3950 non
680 3885 767 3950 solas
795 3885 949 3950 luscinias
977 3903 1063 3968 esse,
1093 3904 1176 3966 quae
1204 3886 1237 3947 in
1260 3883 1352 3948 horto
1376 3903 1444 3948 ver·
1490 3919 1491 3926 2

219 3995 341 4068 sentur‚
376 3990 434 4056 sed
466 3992 550 4056 alias
584 4010 711 4075 quoque
748 4011 868 4077 parvas
906 3993 1065 4056 cantrices
1098 3992 1248 4074 inveniri,
1287 4009 1370 4073 quas
1402 3991 1445 4054 ita

219 4095 386 4162 describit:

379 4207 395 4269 ὃ
424 4210 484 4292 μὲν
512 4206 569 4269 ἐπὶ
596 4211 728 4291 πέτρας
756 4205 934 4270 &vorabat
963 4210 1009 4269 τὼ
1037 4208 1121 4271 τάδε
1148 4201 1232 4270 καθ’
1260 4203 1335 4282 ἕνα,
1367 4207 1383 4269 ὃ
1413 4205 1444 4266 δὲ

379 4317 484 4398 ψυχει
507 4317 546 4377 τὀ
566 4319 707 4397 πτερόν,
732 4314 747 4376 ὃ
772 4315 807 4376 δὲ
831 4311 1059 4397 ἐκκαθαίρει,
1084 4314 1100 4376 ὃ
1125 4314 1160 4376 δὲ
1182 4311 1246 4399 ἦρέ
1269 4333 1300 4376 τι
1323 4311 1364 4376 ἐν.
1386 4318 1442 4376 του

312 4525 323 4559 1

310 4525 333 4678 ²3
351 4525 394 4668 gff.
403 4525 576 4670 Ἑάέιῖθτάῖλά
591 4633 611 4686 η
622 4615 686 4670 125:
705 4609 816 4684 ’ὄμφακές
825 4612 871 4665 εἰσι
885 4612 966 4675 ἄνθος
976 4615 1093 4685 ἀφιεῖσαι,
1106 4614 1186 4686 ἕτεραι
1196 4612 1218 4665 δ’
1229 4611 1441 4683 ὑποπερκάζουσιν,
