<?xml version="1.0" encoding="UTF-8"?>
<!DOCTYPE html PUBLIC "-//W3C//DTD XHTML 1.0 Transitional//EN"
    "http://www.w3.org/TR/xhtml1/DTD/xhtml1-transitional.dtd">
<html xmlns="http://www.w3.org/1999/xhtml" xml:lang="en" lang="en">
 <head>
  <title>
</title>
<meta http-equiv="Content-Type" content="text/html;charset=utf-8" />
  <meta name='ocr-system' content='tesseract 3.04.00' />
  <meta name='ocr-capabilities' content='ocr_page ocr_carea ocr_par ocr_line ocrx_word'/>
</head>
<body>
  <div class='ocr_page' id='page_1' title='image "./dearistaenetiep00pietgoog_0030.png"; bbox 0 0 3020 5104; ppageno 0'>
   <div class='ocr_carea' id='block_1_1' title="bbox 641 390 682 454">
    <p class='ocr_par' dir='ltr' id='par_1_1' title="bbox 641 390 682 454">
     <span class='ocr_line' id='line_1_1' title="bbox 641 390 682 454; baseline 0 0"><span class='ocrx_word' id='word_1_1' title='bbox 641 390 682 454; x_wconf 83' lang='lat'>21</span> 
     </span>
    </p>
   </div>
   <div class='ocr_carea' id='block_1_2' title="bbox 85 568 637 3255">
    <p class='ocr_par' dir='ltr' id='par_1_2' title="bbox 246 568 435 652">
     <span class='ocr_line' id='line_1_2' title="bbox 246 568 435 652; baseline -0.021 -1"><span class='ocrx_word' id='word_1_2' title='bbox 246 568 435 652; x_wconf 50' lang='lat' dir='ltr'>Pla&#39;tonis:</span> 
     </span>
    </p>

    <p class='ocr_par' dir='ltr' id='par_1_3' title="bbox 85 707 637 3255">
     <span class='ocr_line' id='line_1_3' title="bbox 91 707 635 798; baseline -0.009 -22"><span class='ocrx_word' id='word_1_3' title='bbox 91 717 245 798; x_wconf 87' lang='grc' dir='ltr'>θησεται</span> <span class='ocrx_word' id='word_1_4' title='bbox 281 707 329 798; x_wconf 66' lang='grc' dir='ltr'>ὑφ’</span> <span class='ocrx_word' id='word_1_5' title='bbox 364 707 458 797; x_wconf 79' lang='grc' dir='ltr'>ἡμων.</span> <span class='ocrx_word' id='word_1_6' title='bbox 505 718 566 788; x_wconf 73' lang='grc' dir='ltr'>τοι)</span> <span class='ocrx_word' id='word_1_7' title='bbox 600 710 635 772; x_wconf 83' lang='grc' dir='ltr'>δὲ</span> 
     </span>
     <span class='ocr_line' id='line_1_4' title="bbox 92 818 634 904; baseline -0.009 -21"><span class='ocrx_word' id='word_1_8' title='bbox 92 822 131 883; x_wconf 90' lang='grc' dir='ltr'>τδ</span> <span class='ocrx_word' id='word_1_9' title='bbox 163 823 292 902; x_wconf 91' lang='grc' dir='ltr'>γρυπόν</span> <span class='ocrx_word' id='word_1_10' title='bbox 319 818 513 899; x_wconf 73' lang='grc' dir='ltr'>βασιλικόν</span> <span class='ocrx_word' id='word_1_11' title='bbox 546 839 634 904; x_wconf 87' lang='grc' dir='ltr'>φατε</span> 
     </span>
     <span class='ocr_line' id='line_1_5' title="bbox 91 923 634 1010; baseline -0.006 -22"><span class='ocrx_word' id='word_1_12' title='bbox 91 924 196 999; x_wconf 77' lang='grc' dir='ltr'>εἶναι,</span> <span class='ocrx_word' id='word_1_13' title='bbox 228 929 289 990; x_wconf 86' lang='grc' dir='ltr'>τόν</span> <span class='ocrx_word' id='word_1_14' title='bbox 318 927 353 988; x_wconf 81' lang='grc' dir='ltr'>δὲ</span> <span class='ocrx_word' id='word_1_15' title='bbox 381 925 423 1010; x_wconf 81' lang='grc' dir='ltr'>δὴ</span> <span class='ocrx_word' id='word_1_16' title='bbox 448 923 504 986; x_wconf 85' lang='grc' dir='ltr'>διὰ</span> <span class='ocrx_word' id='word_1_17' title='bbox 527 928 634 1009; x_wconf 77' lang='grc' dir='ltr'>μέσου</span> 
     </span>
     <span class='ocr_line' id='line_1_6' title="bbox 92 1028 633 1118; baseline -0.004 -22"><span class='ocrx_word' id='word_1_18' title='bbox 92 1035 226 1098; x_wconf 85' lang='grc' dir='ltr'>τοότων</span> <span class='ocrx_word' id='word_1_19' title='bbox 241 1031 505 1118; x_wconf 70' lang='grc' dir='ltr'>ἐμμετρώτατα</span> <span class='ocrx_word' id='word_1_20' title='bbox 519 1028 633 1116; x_wconf 70' lang='grc' dir='ltr'>ἐχειν*</span> 
     </span>
     <span class='ocr_line' id='line_1_7' title="bbox 92 1133 635 1226; baseline -0.002 -24"><span class='ocrx_word' id='word_1_21' title='bbox 92 1141 251 1226; x_wconf 77' lang='grc' dir='ltr'>μέλανας</span> <span class='ocrx_word' id='word_1_22' title='bbox 274 1135 299 1203; x_wconf 80' lang='grc' dir='ltr'>δ’</span> <span class='ocrx_word' id='word_1_23' title='bbox 324 1133 635 1222; x_wconf 79' lang='grc' dir='ltr'>ἁνδρικοόςίδείν,</span> 
     </span>
     <span class='ocr_line' id='line_1_8' title="bbox 90 1243 636 1318; baseline -0.007 -8"><span class='ocrx_word' id='word_1_24' title='bbox 90 1248 239 1318; x_wconf 77' lang='grc' dir='ltr'>λευκοὺς</span> <span class='ocrx_word' id='word_1_25' title='bbox 267 1248 319 1310; x_wconf 86' lang='grc' dir='ltr'>,δὲ</span> <span class='ocrx_word' id='word_1_26' title='bbox 365 1249 459 1310; x_wconf 83' lang='grc' dir='ltr'>θεων</span> <span class='ocrx_word' id='word_1_27' title='bbox 503 1243 636 1314; x_wconf 81' lang='grc' dir='ltr'>παῖδας</span> 
     </span>
     <span class='ocr_line' id='line_1_9' title="bbox 90 1351 635 1440; baseline -0.002 -25"><span class='ocrx_word' id='word_1_28' title='bbox 90 1351 190 1418; x_wconf 78' lang='grc' dir='ltr'>εἶναι·</span> <span class='ocrx_word' id='word_1_29' title='bbox 215 1355 502 1440; x_wconf 83' lang='grc' dir='ltr'>μελαγχλόρους</span> <span class='ocrx_word' id='word_1_30' title='bbox 526 1351 635 1416; x_wconf 80' lang='grc' dir='ltr'>δὲκαὶ</span> 
     </span>
     <span class='ocr_line' id='line_1_10' title="bbox 91 1455 635 1546; baseline -0.006 -23"><span class='ocrx_word' id='word_1_31' title='bbox 91 1455 250 1546; x_wconf 70' lang='grc' dir='ltr'>τοῦνομα</span> <span class='ocrx_word' id='word_1_32' title='bbox 290 1458 356 1524; x_wconf 80' lang='grc' dir='ltr'>οἴει</span> <span class='ocrx_word' id='word_1_33' title='bbox 390 1462 486 1530; x_wconf 86' lang='grc' dir='ltr'>τινὸς</span> <span class='ocrx_word' id='word_1_34' title='bbox 522 1455 635 1521; x_wconf 81' lang='grc' dir='ltr'>ἄλλου</span> 
     </span>
     <span class='ocr_line' id='line_1_11' title="bbox 90 1561 636 1652; baseline 0.002 -25"><span class='ocrx_word' id='word_1_35' title='bbox 90 1572 229 1652; x_wconf 82' lang='grc' dir='ltr'>ποίημα</span> <span class='ocrx_word' id='word_1_36' title='bbox 252 1561 636 1652; x_wconf 79' lang='grc' dir='ltr'>ἢέραστουθποιιορι-</span> 
     </span>
     <span class='ocr_line' id='line_1_12' title="bbox 92 1667 637 1758; baseline -0.006 -21"><span class='ocrx_word' id='word_1_37' title='bbox 92 1677 240 1757; x_wconf 78' lang='grc' dir='ltr'>ζομένου</span> <span class='ocrx_word' id='word_1_38' title='bbox 286 1695 322 1736; x_wconf 88' lang='grc' dir='ltr'>τε</span> <span class='ocrx_word' id='word_1_39' title='bbox 366 1677 428 1737; x_wconf 84' lang='grc' dir='ltr'>καὶ</span> <span class='ocrx_word' id='word_1_40' title='bbox 477 1667 637 1758; x_wconf 73' lang='grc' dir='ltr'>εὐχερῶς</span> 
     </span>
     <span class='ocr_line' id='line_1_13' title="bbox 92 1777 635 1866; baseline 0 -23"><span class='ocrx_word' id='word_1_41' title='bbox 92 1780 268 1864; x_wconf 80' lang='grc' dir='ltr'>φέροντος</span> <span class='ocrx_word' id='word_1_42' title='bbox 316 1782 381 1864; x_wconf 83' lang='grc' dir='ltr'>τὴν</span> <span class='ocrx_word' id='word_1_43' title='bbox 431 1777 635 1866; x_wconf 82' lang='grc' dir='ltr'>ὠχρότητα,</span> 
     </span>
     <span class='ocr_line' id='line_1_14' title="bbox 91 1882 636 1970; baseline -0.006 -20"><span class='ocrx_word' id='word_1_44' title='bbox 91 1885 156 1950; x_wconf 86' lang='grc' dir='ltr'>ἐὰν</span> <span class='ocrx_word' id='word_1_45' title='bbox 170 1883 227 1950; x_wconf 84' lang='grc' dir='ltr'>ἐπὶ</span> <span class='ocrx_word' id='word_1_46' title='bbox 241 1882 315 1970; x_wconf 77' lang='grc' dir='ltr'>ἱόρομ</span> <span class='ocrx_word' id='word_1_47' title='bbox 330 1885 365 1969; x_wconf 79' lang='grc' dir='ltr'>ης</span> <span class='ocrx_word' id='word_1_48' title='bbox 394 1889 456 1950; x_wconf 79' lang='grc' dir='ltr'>καὶ</span> <span class='ocrx_word' id='word_1_49' title='bbox 474 1882 525 1949; x_wconf 81' lang='grc' dir='ltr'>ἐνί</span> <span class='ocrx_word' id='word_1_50' title='bbox 542 1887 636 1968; x_wconf 81' lang='grc' dir='ltr'>λόγῳ</span> 
     </span>
     <span class='ocr_line' id='line_1_15' title="bbox 89 1997 634 2081; baseline 0.006 -27"><span class='ocrx_word' id='word_1_51' title='bbox 89 1997 209 2064; x_wconf 88' lang='grc' dir='ltr'>πάσας</span> <span class='ocrx_word' id='word_1_52' title='bbox 252 1997 450 2081; x_wconf 84' lang='grc' dir='ltr'>προφάσεις</span> <span class='ocrx_word' id='word_1_53' title='bbox 486 2014 634 2078; x_wconf 90' lang='grc' dir='ltr'>προφα-</span> 
     </span>
     <span class='ocr_line' id='line_1_16' title="bbox 90 2101 636 2187; baseline -0.002 -24"><span class='ocrx_word' id='word_1_54' title='bbox 90 2101 250 2183; x_wconf 74' lang='grc' dir='ltr'>σίζεσθε,</span> <span class='ocrx_word' id='word_1_55' title='bbox 279 2104 340 2164; x_wconf 80' lang='grc' dir='ltr'>καί</span> <span class='ocrx_word' id='word_1_56' title='bbox 366 2103 485 2170; x_wconf 87' lang='grc' dir='ltr'>πάσας</span> <span class='ocrx_word' id='word_1_57' title='bbox 515 2103 636 2187; x_wconf 87' lang='grc' dir='ltr'>φωνάς</span> 
     </span>
     <span class='ocr_line' id='line_1_17' title="bbox 91 2203 635 2293; baseline 0.004 -25"><span class='ocrx_word' id='word_1_58' title='bbox 91 2205 227 2292; x_wconf 80' lang='grc' dir='ltr'>ἀφίετε,</span> <span class='ocrx_word' id='word_1_59' title='bbox 261 2203 350 2270; x_wconf 76' lang='grc' dir='ltr'>ὥστε</span> <span class='ocrx_word' id='word_1_60' title='bbox 379 2206 516 2293; x_wconf 88' lang='grc' dir='ltr'>μηδένα</span> <span class='ocrx_word' id='word_1_61' title='bbox 545 2205 635 2271; x_wconf 86' lang='grc' dir='ltr'>ἀπο-</span> 
     </span>
     <span class='ocr_line' id='line_1_18' title="bbox 89 2313 634 2394; baseline 0.004 -19"><span class='ocrx_word' id='word_1_62' title='bbox 89 2313 234 2394; x_wconf 80' lang='grc' dir='ltr'>βάλλειν</span> <span class='ocrx_word' id='word_1_63' title='bbox 262 2321 331 2378; x_wconf 82' lang='grc' dir='ltr'>τιῖιν</span> <span class='ocrx_word' id='word_1_64' title='bbox 359 2313 568 2378; x_wconf 85' lang='grc' dir='ltr'>άνθοόντων</span> <span class='ocrx_word' id='word_1_65' title='bbox 600 2314 634 2377; x_wconf 89' lang='grc' dir='ltr'>ἐν</span> 
     </span>
     <span class='ocr_line' id='line_1_19' title="bbox 88 2416 634 2506; baseline 0.007 -25"><span class='ocrx_word' id='word_1_66' title='bbox 88 2417 177 2504; x_wconf 72' lang='grc' dir='ltr'>ὥρα·</span> <span class='ocrx_word' id='word_1_67' title='bbox 224 2417 255 2483; x_wconf 85' lang='grc' dir='ltr'>εί</span> <span class='ocrx_word' id='word_1_68' title='bbox 291 2422 416 2502; x_wconf 85' lang='grc' dir='ltr'>βοόλει</span> <span class='ocrx_word' id='word_1_69' title='bbox 454 2416 509 2485; x_wconf 74' lang='grc' dir='ltr'>ἐπ’</span> <span class='ocrx_word' id='word_1_70' title='bbox 547 2418 634 2506; x_wconf 83' lang='grc' dir='ltr'>ἐμοῦ</span> 
     </span>
     <span class='ocr_line' id='line_1_20' title="bbox 88 2527 635 2611; baseline 0.004 -21"><span class='ocrx_word' id='word_1_71' title='bbox 88 2529 208 2606; x_wconf 74' lang='grc' dir='ltr'>λέγειν</span> <span class='ocrx_word' id='word_1_72' title='bbox 240 2530 320 2611; x_wconf 86' lang='grc' dir='ltr'>περὶ</span> <span class='ocrx_word' id='word_1_73' title='bbox 352 2533 422 2592; x_wconf 80' lang='grc' dir='ltr'>τῶν</span> <span class='ocrx_word' id='word_1_74' title='bbox 454 2527 635 2611; x_wconf 79' lang='grc' dir='ltr'>ἐρωτικῶν</span> 
     </span>
     <span class='ocr_line' id='line_1_21' title="bbox 88 2629 634 2720; baseline -0.004 -21"><span class='ocrx_word' id='word_1_75' title='bbox 88 2631 143 2699; x_wconf 81' lang='grc' dir='ltr'>ὅτι</span> <span class='ocrx_word' id='word_1_76' title='bbox 157 2629 247 2697; x_wconf 71' lang='grc' dir='ltr'>οὕτω</span> <span class='ocrx_word' id='word_1_77' title='bbox 262 2643 437 2708; x_wconf 74' lang='grc' dir='ltr'>ποιοῦσιν,</span> <span class='ocrx_word' id='word_1_78' title='bbox 462 2647 634 2720; x_wconf 80' lang='grc' dir='ltr'>συγχωρῶ</span> 
     </span>
     <span class='ocr_line' id='line_1_22' title="bbox 87 2739 634 2828; baseline 0.005 -26"><span class='ocrx_word' id='word_1_79' title='bbox 87 2748 152 2803; x_wconf 83' lang='grc' dir='ltr'>τοῦ</span> <span class='ocrx_word' id='word_1_80' title='bbox 170 2741 278 2822; x_wconf 91' lang='grc' dir='ltr'>λόγου</span> <span class='ocrx_word' id='word_1_81' title='bbox 292 2747 412 2826; x_wconf 81' lang='grc' dir='ltr'>χάριν,</span> <span class='ocrx_word' id='word_1_82' title='bbox 429 2741 464 2805; x_wconf 81' lang='grc' dir='ltr'>τί</span> <span class='ocrx_word' id='word_1_83' title='bbox 478 2743 527 2816; x_wconf 75' lang='grc' dir='ltr'>δὲς</span> <span class='ocrx_word' id='word_1_84' title='bbox 552 2741 591 2828; x_wconf 79' lang='grc' dir='ltr'>ἠν</span> <span class='ocrx_word' id='word_1_85' title='bbox 607 2739 634 2805; x_wconf 83' lang='grc' dir='ltr'>δ’</span> 
     </span>
     <span class='ocr_line' id='line_1_23' title="bbox 85 2844 634 2933; baseline 0.005 -24"><span class='ocrx_word' id='word_1_86' title='bbox 85 2847 167 2925; x_wconf 85' lang='grc' dir='ltr'>ἐγώ.</span> <span class='ocrx_word' id='word_1_87' title='bbox 213 2848 296 2918; x_wconf 84' lang='grc' dir='ltr'>τοὺς</span> <span class='ocrx_word' id='word_1_88' title='bbox 319 2847 505 2933; x_wconf 74' lang='grc' dir='ltr'>φιλοίνους</span> <span class='ocrx_word' id='word_1_89' title='bbox 529 2844 567 2912; x_wconf 80' lang='grc' dir='ltr'>οό</span> <span class='ocrx_word' id='word_1_90' title='bbox 591 2853 634 2912; x_wconf 85' lang='grc' dir='ltr'>τά</span> 
     </span>
     <span class='ocr_line' id='line_1_24' title="bbox 87 2952 633 3041; baseline 0.004 -25"><span class='ocrx_word' id='word_1_91' title='bbox 87 2955 182 3017; x_wconf 76' lang='grc' dir='ltr'>αὑτὰ</span> <span class='ocrx_word' id='word_1_92' title='bbox 198 2961 311 3017; x_wconf 80' lang='grc' dir='ltr'>ταῦτα</span> <span class='ocrx_word' id='word_1_93' title='bbox 326 2963 518 3027; x_wconf 82' lang='grc' dir='ltr'>ποιοῦντας</span> <span class='ocrx_word' id='word_1_94' title='bbox 532 2952 633 3041; x_wconf 70' lang='grc' dir='ltr'>όράς,</span> 
     </span>
     <span class='ocr_line' id='line_1_25' title="bbox 85 3057 634 3149; baseline 0.009 -27"><span class='ocrx_word' id='word_1_95' title='bbox 85 3065 203 3124; x_wconf 88' lang='grc' dir='ltr'>πάντα</span> <span class='ocrx_word' id='word_1_96' title='bbox 226 3057 320 3124; x_wconf 82' lang='grc' dir='ltr'>οἶνον</span> <span class='ocrx_word' id='word_1_97' title='bbox 341 3061 634 3149; x_wconf 85' lang='grc' dir='ltr'>ἐπίπάσηςπρο-</span> 
     </span>
     <span class='ocr_line' id='line_1_26' title="bbox 86 3165 539 3255; baseline 0.004 -25"><span class='ocrx_word' id='word_1_98' title='bbox 86 3173 233 3253; x_wconf 80' lang='grc' dir='ltr'>φάσεως</span> <span class='ocrx_word' id='word_1_99' title='bbox 256 3165 539 3255; x_wconf 72' lang='grc' dir='ltr'>ἀσπαζομένους,</span> 
     </span>
    </p>
   </div>
   <div class='ocr_carea' id='block_1_3' title="bbox 761 583 1112 651">
    <p class='ocr_par' dir='ltr' id='par_1_4' title="bbox 761 583 1112 651">
     <span class='ocr_line' id='line_1_27' title="bbox 761 583 1112 651; baseline -0.003 -2"><span class='ocrx_word' id='word_1_100' title='bbox 761 646 762 649; x_wconf 74' lang='grc'>,</span> <span class='ocrx_word' id='word_1_101' title='bbox 855 583 1112 651; x_wconf 84' lang='lat' dir='ltr'>Aristaeneti:</span> 
     </span>
    </p>
   </div>
   <div class='ocr_carea' id='block_1_4' title="bbox 732 707 1280 2935">
    <p class='ocr_par' dir='ltr' id='par_1_5' title="bbox 732 707 1280 2935">
     <span class='ocr_line' id='line_1_28' title="bbox 734 707 1279 795; baseline 0.017 -24"><span class='ocrx_word' id='word_1_102' title='bbox 734 710 895 795; x_wconf 80' lang='grc' dir='ltr'>κληθεὶς</span> <span class='ocrx_word' id='word_1_103' title='bbox 917 707 1131 791; x_wconf 78' lang='grc' dir='ltr'>ἐπαινεῖται,</span> <span class='ocrx_word' id='word_1_104' title='bbox 1156 720 1220 778; x_wconf 84' lang='grc' dir='ltr'>τοῦ</span> <span class='ocrx_word' id='word_1_105' title='bbox 1244 715 1279 780; x_wconf 80' lang='grc' dir='ltr'>δὲ</span> 
     </span>
     <span class='ocr_line' id='line_1_29' title="bbox 733 817 1277 906; baseline 0.011 -30"><span class='ocrx_word' id='word_1_106' title='bbox 733 818 770 879; x_wconf 85' lang='grc' dir='ltr'>τὸ</span> <span class='ocrx_word' id='word_1_107' title='bbox 798 819 930 899; x_wconf 84' lang='grc' dir='ltr'>γρυπὸν</span> <span class='ocrx_word' id='word_1_108' title='bbox 953 819 1146 900; x_wconf 76' lang='grc' dir='ltr'>βασιλικόν</span> <span class='ocrx_word' id='word_1_109' title='bbox 1174 817 1277 906; x_wconf 76' lang='grc' dir='ltr'>ἔφης·</span> 
     </span>
     <span class='ocr_line' id='line_1_30' title="bbox 734 924 1280 1010; baseline 0.009 -25"><span class='ocrx_word' id='word_1_110' title='bbox 734 924 793 987; x_wconf 87' lang='grc' dir='ltr'>τόν</span> <span class='ocrx_word' id='word_1_111' title='bbox 836 924 872 986; x_wconf 82' lang='grc' dir='ltr'>δὲ</span> <span class='ocrx_word' id='word_1_112' title='bbox 908 925 965 987; x_wconf 87' lang='grc' dir='ltr'>διὰ</span> <span class='ocrx_word' id='word_1_113' title='bbox 1002 929 1110 1010; x_wconf 81' lang='grc' dir='ltr'>μὲοου</span> <span class='ocrx_word' id='word_1_114' title='bbox 1147 929 1280 992; x_wconf 86' lang='grc' dir='ltr'>τοότων</span> 
     </span>
     <span class='ocr_line' id='line_1_31' title="bbox 735 1025 1277 1118; baseline 0.015 -27"><span class='ocrx_word' id='word_1_115' title='bbox 735 1025 811 1111; x_wconf 84' lang='grc' dir='ltr'>ἐρεῖς</span> <span class='ocrx_word' id='word_1_116' title='bbox 860 1028 1115 1116; x_wconf 79' lang='grc' dir='ltr'>ἐμμετρώτατα</span> <span class='ocrx_word' id='word_1_117' title='bbox 1165 1031 1277 1118; x_wconf 85' lang='grc' dir='ltr'>ἐχειν·</span> 
     </span>
     <span class='ocr_line' id='line_1_32' title="bbox 735 1135 1279 1223; baseline 0.009 -23"><span class='ocrx_word' id='word_1_118' title='bbox 735 1135 895 1222; x_wconf 79' lang='grc' dir='ltr'>μέλανας</span> <span class='ocrx_word' id='word_1_119' title='bbox 919 1138 954 1200; x_wconf 84' lang='grc' dir='ltr'>δὲ</span> <span class='ocrx_word' id='word_1_120' title='bbox 982 1137 1172 1223; x_wconf 75' lang='grc' dir='ltr'>ἀνδρικοὺς</span> <span class='ocrx_word' id='word_1_121' title='bbox 1194 1137 1279 1205; x_wconf 84' lang='grc' dir='ltr'>ὀνο-</span> 
     </span>
     <span class='ocr_line' id='line_1_33' title="bbox 734 1245 1279 1329; baseline 0.013 -25"><span class='ocrx_word' id='word_1_122' title='bbox 734 1245 1279 1329; x_wconf 65' lang='grc' dir='ltr'>μάξειςλευκοόςδὲθεωνπαῖ-</span> 
     </span>
     <span class='ocr_line' id='line_1_34' title="bbox 735 1349 1280 1440; baseline 0.007 -27"><span class='ocrx_word' id='word_1_123' title='bbox 735 1351 799 1421; x_wconf 86' lang='grc' dir='ltr'>δας</span> <span class='ocrx_word' id='word_1_124' title='bbox 817 1349 1073 1438; x_wconf 82' lang='grc' dir='ltr'>προσείρηκας,</span> <span class='ocrx_word' id='word_1_125' title='bbox 1099 1353 1280 1440; x_wconf 82' lang='grc' dir='ltr'>μελιχρό-</span> 
     </span>
     <span class='ocr_line' id='line_1_35' title="bbox 734 1454 1280 1546; baseline 0.011 -27"><span class='ocrx_word' id='word_1_126' title='bbox 734 1477 816 1529; x_wconf 88' lang='grc' dir='ltr'>τους</span> <span class='ocrx_word' id='word_1_127' title='bbox 842 1458 877 1521; x_wconf 84' lang='grc' dir='ltr'>δὲ</span> <span class='ocrx_word' id='word_1_128' title='bbox 911 1454 978 1522; x_wconf 77' lang='grc' dir='ltr'>οἴει</span> <span class='ocrx_word' id='word_1_129' title='bbox 1004 1454 1162 1546; x_wconf 73' lang='grc' dir='ltr'>τοῦνομα</span> <span class='ocrx_word' id='word_1_130' title='bbox 1185 1459 1280 1531; x_wconf 85' lang='grc' dir='ltr'>τίνος</span> 
     </span>
     <span class='ocr_line' id='line_1_36' title="bbox 735 1561 1279 1652; baseline 0.015 -28"><span class='ocrx_word' id='word_1_131' title='bbox 735 1561 848 1628; x_wconf 81' lang='grc' dir='ltr'>άλλου</span> <span class='ocrx_word' id='word_1_132' title='bbox 880 1565 1018 1650; x_wconf 84' lang='grc' dir='ltr'>ποίημα</span> <span class='ocrx_word' id='word_1_133' title='bbox 1050 1563 1140 1631; x_wconf 82' lang='grc' dir='ltr'>εἶναι</span> <span class='ocrx_word' id='word_1_134' title='bbox 1176 1565 1196 1652; x_wconf 81' lang='grc' dir='ltr'>ἢ</span> <span class='ocrx_word' id='word_1_135' title='bbox 1228 1575 1279 1632; x_wconf 82' lang='grc' dir='ltr'>τοῦ</span> 
     </span>
     <span class='ocr_line' id='line_1_37' title="bbox 736 1666 1279 1758; baseline 0.002 -23"><span class='ocrx_word' id='word_1_136' title='bbox 736 1669 849 1742; x_wconf 80' lang='grc' dir='ltr'>ἐνόντος</span> <span class='ocrx_word' id='word_1_137' title='bbox 886 1694 931 1736; x_wconf 90' lang='grc' dir='ltr'>σοι</span> <span class='ocrx_word' id='word_1_138' title='bbox 968 1677 1075 1746; x_wconf 85' lang='grc' dir='ltr'>πόθου,</span> <span class='ocrx_word' id='word_1_139' title='bbox 1112 1666 1279 1758; x_wconf 75' lang='grc' dir='ltr'>όπόνιορι-</span> 
     </span>
     <span class='ocr_line' id='line_1_38' title="bbox 736 1781 1280 1866; baseline 0.006 -24"><span class='ocrx_word' id='word_1_140' title='bbox 736 1781 886 1862; x_wconf 76' lang='grc' dir='ltr'>ζομένου</span> <span class='ocrx_word' id='word_1_141' title='bbox 926 1801 963 1843; x_wconf 88' lang='grc' dir='ltr'>τε</span> <span class='ocrx_word' id='word_1_142' title='bbox 1004 1784 1065 1843; x_wconf 79' lang='grc' dir='ltr'>οιαὶ</span> <span class='ocrx_word' id='word_1_143' title='bbox 1105 1785 1280 1866; x_wconf 79' lang='grc' dir='ltr'>φέροντος</span> 
     </span>
     <span class='ocr_line' id='line_1_39' title="bbox 737 1881 1280 1974; baseline 0.006 -25"><span class='ocrx_word' id='word_1_144' title='bbox 737 1881 898 1970; x_wconf 80' lang='grc' dir='ltr'>εόχεριῑις</span> <span class='ocrx_word' id='word_1_145' title='bbox 925 1889 987 1971; x_wconf 84' lang='grc' dir='ltr'>τὴν</span> <span class='ocrx_word' id='word_1_146' title='bbox 1012 1885 1220 1974; x_wconf 83' lang='grc' dir='ltr'>ὠχρότητα,</span> <span class='ocrx_word' id='word_1_147' title='bbox 1249 1885 1280 1952; x_wconf 79' lang='grc' dir='ltr'>εἰ</span> 
     </span>
     <span class='ocr_line' id='line_1_40' title="bbox 733 1989 1279 2079; baseline 0.005 -24"><span class='ocrx_word' id='word_1_148' title='bbox 733 1997 842 2078; x_wconf 92' lang='grc' dir='ltr'>Ιμόνον</span> <span class='ocrx_word' id='word_1_149' title='bbox 871 1989 926 2056; x_wconf 83' lang='grc' dir='ltr'>ἐπὶ</span> <span class='ocrx_word' id='word_1_150' title='bbox 954 1990 1027 2077; x_wconf 70' lang='grc' dir='ltr'>δόρη</span> <span class='ocrx_word' id='word_1_151' title='bbox 1058 2003 1184 2079; x_wconf 85' lang='grc' dir='ltr'>προση.</span> <span class='ocrx_word' id='word_1_152' title='bbox 1217 1998 1279 2058; x_wconf 84' lang='grc' dir='ltr'>καὶ</span> 
     </span>
     <span class='ocr_line' id='line_1_41' title="bbox 734 2096 1279 2189; baseline 0.004 -27"><span class='ocrx_word' id='word_1_153' title='bbox 734 2096 783 2164; x_wconf 83' lang='grc' dir='ltr'>ἐνὶ</span> <span class='ocrx_word' id='word_1_154' title='bbox 813 2101 903 2182; x_wconf 84' lang='grc' dir='ltr'>λόγῳ</span> <span class='ocrx_word' id='word_1_155' title='bbox 930 2106 1049 2172; x_wconf 89' lang='grc' dir='ltr'>πάσας</span> <span class='ocrx_word' id='word_1_156' title='bbox 1081 2107 1279 2189; x_wconf 85' lang='grc' dir='ltr'>προφάσεις</span> 
     </span>
     <span class='ocr_line' id='line_1_42' title="bbox 733 2210 1279 2296; baseline -0.002 -25"><span class='ocrx_word' id='word_1_157' title='bbox 733 2210 1279 2296; x_wconf 72' lang='grc' dir='ltr'>προφασίζηκαίπάσαςφωνάς</span> 
     </span>
     <span class='ocr_line' id='line_1_43' title="bbox 734 2311 1278 2403; baseline 0.002 -27"><span class='ocrx_word' id='word_1_158' title='bbox 734 2312 913 2400; x_wconf 84' lang='grc' dir='ltr'>ὰναφθέγγη</span> <span class='ocrx_word' id='word_1_159' title='bbox 965 2311 1054 2378; x_wconf 75' lang='grc' dir='ltr'>ὥστε</span> <span class='ocrx_word' id='word_1_160' title='bbox 1100 2317 1149 2380; x_wconf 82' lang='grc' dir='ltr'>διὰ</span> <span class='ocrx_word' id='word_1_161' title='bbox 1195 2316 1278 2403; x_wconf 88' lang='grc' dir='ltr'>φιλε-</span> 
     </span>
     <span class='ocr_line' id='line_1_44' title="bbox 734 2415 1278 2507; baseline 0.004 -23"><span class='ocrx_word' id='word_1_162' title='bbox 734 2417 875 2504; x_wconf 82' lang='grc' dir='ltr'>ραστείας</span> <span class='ocrx_word' id='word_1_163' title='bbox 913 2419 1062 2507; x_wconf 85' lang='grc' dir='ltr'>μηδένα</span> <span class='ocrx_word' id='word_1_164' title='bbox 1081 2415 1278 2505; x_wconf 58' lang='grc' dir='ltr'>άποβαλέῐζν</span> 
     </span>
     <span class='ocr_line' id='line_1_45' title="bbox 732 2525 1277 2612; baseline 0.002 -21"><span class='ocrx_word' id='word_1_165' title='bbox 732 2535 799 2592; x_wconf 80' lang='grc' dir='ltr'>τῶν</span> <span class='ocrx_word' id='word_1_166' title='bbox 841 2525 1055 2592; x_wconf 48' lang='grc' dir='ltr'>Ἰόινθοόντων</span> <span class='ocrx_word' id='word_1_167' title='bbox 1106 2526 1142 2594; x_wconf 89' lang='grc' dir='ltr'>ἐν</span> <span class='ocrx_word' id='word_1_168' title='bbox 1188 2526 1277 2612; x_wconf 75' lang='grc' dir='ltr'>ὥρα,</span> 
     </span>
     <span class='ocr_line' id='line_1_46' title="bbox 733 2632 1279 2721; baseline 0.004 -25"><span class='ocrx_word' id='word_1_169' title='bbox 733 2632 848 2718; x_wconf 78' lang='grc' dir='ltr'>ὥσπερ</span> <span class='ocrx_word' id='word_1_170' title='bbox 875 2637 959 2706; x_wconf 86' lang='grc' dir='ltr'>τοὺς</span> <span class='ocrx_word' id='word_1_171' title='bbox 981 2637 1165 2721; x_wconf 80' lang='grc' dir='ltr'>φιλοίνους</span> <span class='ocrx_word' id='word_1_172' title='bbox 1187 2632 1279 2720; x_wconf 81' lang='grc' dir='ltr'>δρῶ-</span> 
     </span>
     <span class='ocr_line' id='line_1_47' title="bbox 734 2739 1279 2828; baseline -0.004 -23"><span class='ocrx_word' id='word_1_173' title='bbox 734 2764 796 2828; x_wconf 88' lang='grc' dir='ltr'>μεν</span> <span class='ocrx_word' id='word_1_174' title='bbox 819 2745 935 2806; x_wconf 86' lang='grc' dir='ltr'>πάντα</span> <span class='ocrx_word' id='word_1_175' title='bbox 958 2739 1055 2806; x_wconf 84' lang='grc' dir='ltr'>οἶνον</span> <span class='ocrx_word' id='word_1_176' title='bbox 1079 2742 1136 2808; x_wconf 88' lang='grc' dir='ltr'>ἐπὶ</span> <span class='ocrx_word' id='word_1_177' title='bbox 1158 2747 1279 2828; x_wconf 88' lang='grc' dir='ltr'>πάσης</span> 
     </span>
     <span class='ocr_line' id='line_1_48' title="bbox 734 2847 1254 2935; baseline -0.002 -22"><span class='ocrx_word' id='word_1_178' title='bbox 734 2853 947 2935; x_wconf 89' lang='grc' dir='ltr'>προφάσεως</span> <span class='ocrx_word' id='word_1_179' title='bbox 970 2847 1254 2935; x_wconf 71' lang='grc' dir='ltr'>ἀσπαζομένους.</span> 
     </span>
    </p>
   </div>
   <div class='ocr_carea' id='block_1_5' title="bbox 34 3307 1279 3508">
    <p class='ocr_par' dir='ltr' id='par_1_6' title="bbox 34 3307 1279 3508">
     <span class='ocr_line' id='line_1_49' title="bbox 34 3307 1279 3401; baseline 0 -27"><span class='ocrx_word' id='word_1_180' title='bbox 34 3307 210 3394; x_wconf 80' lang='lat' dir='ltr'><strong>p.531B:</strong></span> <span class='ocrx_word' id='word_1_181' title='bbox 241 3310 276 3373; x_wconf 83' lang='grc' dir='ltr'>σὺ</span> <span class='ocrx_word' id='word_1_182' title='bbox 304 3315 354 3398; x_wconf 80' lang='grc' dir='ltr'>μὲν</span> <span class='ocrx_word' id='word_1_183' title='bbox 382 3313 454 3384; x_wconf 87' lang='grc' dir='ltr'>τοὺς</span> <span class='ocrx_word' id='word_1_184' title='bbox 480 3318 631 3401; x_wconf 84' lang='grc' dir='ltr'>χρηστοὺς</span> <span class='ocrx_word' id='word_1_185' title='bbox 686 3317 711 3381; x_wconf 94' lang='grc' dir='ltr'>Ι.</span> <span class='ocrx_word' id='word_1_186' title='bbox 728 3319 784 3384; x_wconf 86' lang='lat'>14:</span> <span class='ocrx_word' id='word_1_187' title='bbox 813 3315 848 3379; x_wconf 79' lang='grc' dir='ltr'>τί</span> <span class='ocrx_word' id='word_1_188' title='bbox 875 3318 1070 3400; x_wconf 88' lang='grc' dir='ltr'>πράγματα</span> <span class='ocrx_word' id='word_1_189' title='bbox 1093 3311 1279 3397; x_wconf 79' lang='grc' dir='ltr'>παρέχετε</span> 
     </span>
     <span class='ocr_line' id='line_1_50' title="bbox 83 3415 1005 3508; baseline 0.004 -30"><span class='ocrx_word' id='word_1_190' title='bbox 83 3415 197 3499; x_wconf 80' lang='grc' dir='ltr'>λέγεις,</span> <span class='ocrx_word' id='word_1_191' title='bbox 242 3417 313 3488; x_wconf 85' lang='grc' dir='ltr'>τοὺς</span> <span class='ocrx_word' id='word_1_192' title='bbox 356 3427 434 3490; x_wconf 83' lang='grc' dir='ltr'>ταῖς</span> <span class='ocrx_word' id='word_1_193' title='bbox 479 3424 633 3506; x_wconf 83' lang='grc' dir='ltr'>χορδαῖς</span> <span class='ocrx_word' id='word_1_194' title='bbox 733 3432 813 3494; x_wconf 87' lang='grc' dir='ltr'>ταῖς</span> <span class='ocrx_word' id='word_1_195' title='bbox 835 3420 1005 3508; x_wconf 86' lang='grc' dir='ltr'>χορδαίς;</span> 
     </span>
    </p>
   </div>
   <div class='ocr_carea' id='block_1_6' title="bbox 84 3527 540 3612">
    <p class='ocr_par' dir='ltr' id='par_1_7' title="bbox 84 3527 540 3612">
     <span class='ocr_line' id='line_1_51' title="bbox 84 3527 540 3612; baseline 0.022 -29"><span class='ocrx_word' id='word_1_196' title='bbox 84 3527 280 3608; x_wconf 87' lang='grc' dir='ltr'>πράγματα</span> <span class='ocrx_word' id='word_1_197' title='bbox 303 3530 540 3612; x_wconf 73' lang='grc' dir='ltr'>παρέχοντας.</span> 
     </span>
    </p>
   </div>
   <div class='ocr_carea' id='block_1_7' title="bbox 131 3681 490 3752">
    <p class='ocr_par' dir='ltr' id='par_1_8' title="bbox 131 3681 490 3752">
     <span class='ocr_line' id='line_1_52' title="bbox 131 3681 490 3752; baseline 0.011 -5"><span class='ocrx_word' id='word_1_198' title='bbox 131 3681 300 3749; x_wconf 81' lang='lat' dir='ltr'><strong>Accedunt</strong></span> <span class='ocrx_word' id='word_1_199' title='bbox 322 3687 490 3752; x_wconf 85' lang='lat' dir='ltr'>nonnulla:</span> 
     </span>
    </p>
   </div>
   <div class='ocr_carea' id='block_1_8' title="bbox 32 3847 1276 4058">
    <p class='ocr_par' dir='ltr' id='par_1_9' title="bbox 32 3847 1276 4058">
     <span class='ocr_line' id='line_1_53' title="bbox 335 3847 978 3932; baseline 0.002 -20"><span class='ocrx_word' id='word_1_200' title='bbox 335 3847 385 3914; x_wconf 86' lang='lat'>10.</span> <span class='ocrx_word' id='word_1_201' title='bbox 417 3866 462 3912; x_wconf 82' lang='lat' dir='ltr'>ex</span> <span class='ocrx_word' id='word_1_202' title='bbox 492 3849 663 3932; x_wconf 82' lang='lat' dir='ltr'><strong>epistula</strong></span> <span class='ocrx_word' id='word_1_203' title='bbox 690 3849 866 3915; x_wconf 79' lang='lat' dir='ltr'>Platonis</span> <span class='ocrx_word' id='word_1_204' title='bbox 893 3847 978 3913; x_wconf 91' lang='lat' dir='ltr'>VII:</span> 
     </span>
     <span class='ocr_line' id='line_1_54' title="bbox 32 3967 1276 4058; baseline 0 -24"><span class='ocrx_word' id='word_1_205' title='bbox 32 3970 105 4035; x_wconf 79' lang='lat'>328</span> <span class='ocrx_word' id='word_1_206' title='bbox 124 3967 166 4032; x_wconf 92' lang='lat' dir='ltr'>B:</span> <span class='ocrx_word' id='word_1_207' title='bbox 196 3967 231 4033; x_wconf 84' lang='grc' dir='ltr'>αἱ</span> <span class='ocrx_word' id='word_1_208' title='bbox 258 3973 324 4056; x_wconf 89' lang='grc' dir='ltr'>γάρ</span> <span class='ocrx_word' id='word_1_209' title='bbox 352 3969 542 4058; x_wconf 81' lang='grc' dir='ltr'>ἐπιθυμίαι</span> <span class='ocrx_word' id='word_1_210' title='bbox 565 3982 632 4040; x_wconf 82' lang='grc' dir='ltr'>τῶν</span> <span class='ocrx_word' id='word_1_211' title='bbox 687 3975 786 4041; x_wconf 81' lang='lat' dir='ltr'>l.21:</span> <span class='ocrx_word' id='word_1_212' title='bbox 821 3970 855 4037; x_wconf 84' lang='grc' dir='ltr'>αἱ</span> <span class='ocrx_word' id='word_1_213' title='bbox 886 3975 953 4056; x_wconf 89' lang='grc' dir='ltr'>γὰρ</span> <span class='ocrx_word' id='word_1_214' title='bbox 986 3968 1175 4057; x_wconf 83' lang='grc' dir='ltr'>ἐπιθυμίαι</span> <span class='ocrx_word' id='word_1_215' title='bbox 1206 3979 1276 4038; x_wconf 80' lang='grc' dir='ltr'>τῶν</span> 
     </span>
    </p>
   </div>
   <div class='ocr_carea' id='block_1_9' title="bbox 80 4077 633 4274">
    <p class='ocr_par' dir='ltr' id='par_1_10' title="bbox 80 4077 633 4274">
     <span class='ocr_line' id='line_1_55' title="bbox 82 4077 632 4163; baseline 0.013 -25"><span class='ocrx_word' id='word_1_216' title='bbox 82 4077 416 4163; x_wconf 85' lang='grc' dir='ltr'>τοιοότωνταχεῖαι</span> <span class='ocrx_word' id='word_1_217' title='bbox 429 4081 632 4145; x_wconf 78' lang='grc' dir='ltr'>καὶπολλὰ-</span> 
     </span>
     <span class='ocr_line' id='line_1_56' title="bbox 80 4179 633 4274; baseline 0.014 -30"><span class='ocrx_word' id='word_1_218' title='bbox 80 4204 144 4253; x_wconf 75' lang='lat' dir='ltr'>m&lt;</span> <span class='ocrx_word' id='word_1_219' title='bbox 170 4179 317 4256; x_wconf 84' lang='grc' dir='ltr'>ἐαυταίς</span> <span class='ocrx_word' id='word_1_220' title='bbox 345 4183 509 4252; x_wconf 88' lang='grc' dir='ltr'>ἐναντίαι</span> <span class='ocrx_word' id='word_1_221' title='bbox 542 4194 633 4274; x_wconf 89' lang='grc' dir='ltr'>φερό-</span> 
     </span>
    </p>
   </div>
   <div class='ocr_carea' id='block_1_10' title="bbox 82 4309 181 4373">
    <p class='ocr_par' dir='ltr' id='par_1_11' title="bbox 82 4309 181 4373">
     <span class='ocr_line' id='line_1_57' title="bbox 82 4309 181 4373; baseline 0.02 -21"><span class='ocrx_word' id='word_1_222' title='bbox 82 4309 181 4373; x_wconf 86' lang='grc' dir='ltr'>μεναι</span> 
     </span>
    </p>
   </div>
   <div class='ocr_carea' id='block_1_11' title="bbox 730 4080 1277 4257">
    <p class='ocr_par' dir='ltr' id='par_1_12' title="bbox 730 4080 1277 4257">
     <span class='ocr_line' id='line_1_58' title="bbox 730 4080 1277 4169; baseline -0.011 -23"><span class='ocrx_word' id='word_1_223' title='bbox 730 4080 817 4146; x_wconf 82' lang='grc' dir='ltr'>νέων</span> <span class='ocrx_word' id='word_1_224' title='bbox 844 4088 989 4169; x_wconf 86' lang='grc' dir='ltr'>ταχεῖαι</span> <span class='ocrx_word' id='word_1_225' title='bbox 1015 4083 1077 4142; x_wconf 76' lang='grc' dir='ltr'>οιαὶ</span> <span class='ocrx_word' id='word_1_226' title='bbox 1100 4080 1277 4148; x_wconf 76' lang='grc' dir='ltr'>πολλάκις</span> 
     </span>
     <span class='ocr_line' id='line_1_59' title="bbox 734 4184 1075 4257; baseline -0.009 -5"><span class='ocrx_word' id='word_1_227' title='bbox 734 4187 879 4257; x_wconf 83' lang='grc' dir='ltr'>ἑαυταῖς</span> <span class='ocrx_word' id='word_1_228' title='bbox 900 4184 1075 4249; x_wconf 80' lang='grc' dir='ltr'>ἐναντίαι.</span> 
     </span>
    </p>
   </div>
   <div class='ocr_carea' id='block_1_12' title="bbox 31 4427 1276 4628">
    <p class='ocr_par' dir='ltr' id='par_1_13' title="bbox 31 4427 1276 4628">
     <span class='ocr_line' id='line_1_60' title="bbox 31 4427 1274 4520; baseline 0 -23"><span class='ocrx_word' id='word_1_229' title='bbox 31 4433 104 4498; x_wconf 79' lang='grc'>329</span> <span class='ocrx_word' id='word_1_230' title='bbox 122 4429 163 4498; x_wconf 85' lang='lat' dir='ltr'>C:</span> <span class='ocrx_word' id='word_1_231' title='bbox 182 4430 632 4520; x_wconf 76' lang='grc' dir='ltr'>ἥμυνονρένοῦνιιαθ’δσον</span> <span class='ocrx_word' id='word_1_232' title='bbox 686 4437 711 4500; x_wconf 94' lang='grc' dir='ltr'>Ι.</span> <span class='ocrx_word' id='word_1_233' title='bbox 732 4437 767 4502; x_wconf 88' lang='lat'>6:</span> <span class='ocrx_word' id='word_1_234' title='bbox 798 4434 970 4500; x_wconf 83' lang='grc' dir='ltr'>ἐσποόδαιια</span> <span class='ocrx_word' id='word_1_235' title='bbox 998 4441 1158 4520; x_wconf 88' lang='grc' dir='ltr'>σωφρονεῖν</span> <span class='ocrx_word' id='word_1_236' title='bbox 1185 4427 1274 4498; x_wconf 79' lang='grc' dir='ltr'>καθ’</span> 
     </span>
     <span class='ocr_line' id='line_1_61' title="bbox 80 4535 1276 4628; baseline -0.001 -26"><span class='ocrx_word' id='word_1_237' title='bbox 80 4535 286 4625; x_wconf 76' lang='grc' dir='ltr'>ἠδυνάμην,</span> <span class='ocrx_word' id='word_1_238' title='bbox 326 4546 459 4628; x_wconf 76' lang='grc' dir='ltr'>σμικρά</span> <span class='ocrx_word' id='word_1_239' title='bbox 492 4541 522 4606; x_wconf 84' lang='grc' dir='ltr'>δ’</span> <span class='ocrx_word' id='word_1_240' title='bbox 555 4539 632 4615; x_wconf 79' lang='grc' dir='ltr'>οἷός</span> <span class='ocrx_word' id='word_1_241' title='bbox 732 4541 817 4608; x_wconf 84' lang='grc' dir='ltr'>όσον</span> <span class='ocrx_word' id='word_1_242' title='bbox 846 4539 1042 4628; x_wconf 82' lang='grc' dir='ltr'>ἠδυνάμην,</span> <span class='ocrx_word' id='word_1_243' title='bbox 1076 4542 1208 4626; x_wconf 82' lang='grc' dir='ltr'>σμικρὰ</span> <span class='ocrx_word' id='word_1_244' title='bbox 1241 4540 1276 4602; x_wconf 89' lang='grc' dir='ltr'>δέ</span> 
     </span>
    </p>
   </div>
   <div class='ocr_carea' id='block_1_13' title="bbox 80 4643 198 4732">
    <p class='ocr_par' dir='ltr' id='par_1_14' title="bbox 80 4643 198 4732">
     <span class='ocr_line' id='line_1_62' title="bbox 80 4643 198 4732; baseline 0.025 -24"><span class='ocrx_word' id='word_1_245' title='bbox 80 4665 122 4708; x_wconf 88' lang='grc' dir='ltr'>τε</span> <span class='ocrx_word' id='word_1_246' title='bbox 147 4643 198 4732; x_wconf 83' lang='grc' dir='ltr'>ἠν.</span> 
     </span>
    </p>
   </div>
   <div class='ocr_carea' id='block_1_14' title="bbox 731 4647 925 4734">
    <p class='ocr_par' dir='ltr' id='par_1_15' title="bbox 731 4647 925 4734">
     <span class='ocr_line' id='line_1_63' title="bbox 731 4647 925 4734; baseline -0.01 -20"><span class='ocrx_word' id='word_1_247' title='bbox 731 4647 789 4714; x_wconf 82' lang='grc' dir='ltr'>οἵα</span> <span class='ocrx_word' id='word_1_248' title='bbox 813 4671 849 4712; x_wconf 86' lang='grc' dir='ltr'>τε</span> <span class='ocrx_word' id='word_1_249' title='bbox 872 4648 925 4734; x_wconf 76' lang='grc' dir='ltr'>ἦν.</span> 
     </span>
    </p>
   </div>
   <div class='ocr_carea' id='block_1_15' title="bbox 0 0 1514 5104">
    <p class='ocr_par' dir='ltr' id='par_1_16' title="bbox 0 0 1514 5104">
     <span class='ocr_line' id='line_1_64' title="bbox 0 0 1514 5104; baseline 0 1"><span class='ocrx_word' id='word_1_250' title='bbox 0 0 1514 5104; x_wconf 95' lang='lat' dir='ltr'> </span> 
     </span>
    </p>
   </div>
  </div>
 </body>
</html>
