3020 5104
650 365 691 428 41

28 560 181 626 machei
196 560 348 625 carminis
364 577 436 624 esse
452 558 614 623 Carolus
639 557 829 640 Dilthey1)
845 555 1088 621 demonstravit.
1133 555 1199 620 Res
1213 557 1287 639 ipsa

32 667 92 731 de
124 685 189 749 qua
218 668 324 750 agitur
348 672 380 730 et
402 667 508 730 notior
536 671 599 748 est,
628 684 726 747 quam
750 669 784 727 ut
807 662 935 746 singula
957 668 1135 745 narrentur,
1166 667 1198 726 et
1221 663 1289 725 iam

33 778 79 837 in
113 776 217 858 primo
245 779 375 838 nostrae
405 772 684 838 commentationis
713 769 851 854 capite²)
879 770 995 834 leviter
1021 769 1192 853 perstricta
1221 775 1285 850 est3

37 881 106 946 hic
143 887 246 945 artem
283 886 408 944 tantum
445 879 639 961 intueamur,
679 898 743 959 qua
780 877 1003 942 Aristaenetus
1036 875 1287 959 descriptionem

37 990 238 1072 nuptiarum
266 987 407 1064 (Acontii
435 987 561 1050 iuvenis
592 1005 664 1050 cum
693 983 854 1068 Cydippa)
883 982 1025 1048 flosculis
1054 1003 1076 1048 e·
1099 981 1287 1047 Philostrati

35 1095 250 1176 imaginibus
266 1095 400 1180 sumptis
415 1093 605 1177 composuit.
634 1093 727 1156 Hanc
743 1090 943 1175 epithalamii
956 1091 1132 1172 imaginem
1145 1090 1287 1154 Aristae-

37 1207 147 1266 netus
173 1200 310 1283 effingit:

556 1322 792 1407 epistula'X.

216 1453 277 1513 καὶ
303 1452 369 1533 πρό
398 1461 459 1534 τῆς
488 1449 671 1519 παστάδος
699 1451 759 1511 τὸν
792 1444 960 1532 ὒμένοιιον
987 1445 1074 1530 ᾖδον
1103 1443 1137 1508 αἱ
1165 1466 1287 1530 μοοσιι

217 1559 369 1639 κώτεραι
406 1563 475 1620 τών
515 1559 703 1638 παρθένων
742 1557 804 1618 καὶ
850 1555 1044 1640 μελίφώνοι
1092 1561 1199 1616 τοῦτο
1246 1551 1286 1636 δὴ

217 1661 385 1748 Σαπφοῦς
408 1661 552 1748 ἥδιστον
577 1665 729 1748 φθέγμα,

143 1787 285 1852 Primam
322 1786 416 1852 huius
453 1787 648 1850 narrationis
682 1793 809 1869 partem
842 1785 1066 1849 Aristaenetus
1099 1784 1236 1868 sumpsit
1270 1802 1288 1846 e

40 1894 244 1959 Philostrati
267 1895 409 1976 imagine
432 1893 506 1958 le':

216 2003 318 2084 κώκλῳ
351 2003 382 2064 δὲ
413 2011 478 2072 ταῖς
514 1999 627 2086 ὄχθαις
664 1999 819 2084 ἐφεστᾶσιν
856 1997 887 2063 οἱ
924 2003 1183 2085 μουσικώτεροι
1219 2005 1288 2061 τών

217 2111 333 2173 κώκνών
358 2107 562 2191 ἐπᾴδοντες.

147 2232 323 2317 Aptissima
347 2238 461 2297 auctor
493 2253 533 2297 ea
557 2251 641 2314 quae
665 2231 878 2296 Philostratus
908 2230 949 2296 de
983 2232 1098 2314 cygnis
1132 2229 1214 2294 dixit
1245 2227 1288 2292 ad

45 2342 200 2423 virgines
241 2345 383 2404 revocat.
447 2340 592 2403 Alteram
637 2344 764 2422 partem
806 2331 1032 2423 descriptionis
1075 2337 1213 2419 legimus
1254 2336 1288 2398 in

45 2447 244 2512 Philostrati
275 2447 417 2528 imagine
450 2447 480 2510 ll
495 2446 531 2530 α’,
570 2446 624 2510 ubi
658 2447 835 2510 cantricum
868 2464 966 2510 voces
1004 2434 1146 2509 mellitae
1187 2444 1287 2508 nomi·

47 2560 184 2637 uantur,
210 2552 295 2634 quod
310 2552 504 2619 vocabulum
519 2554 677 2640 μελίφωνοι
692 2551 906 2618 Philostratus
923 2571 963 2616 ex
979 2550 1130 2636 Sapphus
1145 2550 1289 2616 carmine

53 2659 203 2744 quodam
227 2679 262 2725 se
286 2659 463 2744 sumpsisse
487 2657 578 2724 dicit:

219 2777 359 2832 τοσοῦτον
384 2764 570 2853 ἁμιλλῶνται
595 2763 775 2852 ροδοπήχεις
796 2769 850 2830 καὶ
873 2763 1087 2836 ἑλικώπιδες
1109 2769 1162 2828 καὶ
1184 2765 1291 2829 καλλι-

220 2877 330 2958 πόιρῃοι
362 2878 414 2937 καὶ
446 2875 655 2960 μελὶφωνοι,
697 2871 867 2959 Σαπφοῦς
908 2881 1013 2936 τοῦτο
1061 2873 1103 2958 δὴ
1145 2875 1183 2935 τό
1226 2866 1291 2956 ἡδὺ

220 2984 468 3066 πρόσφθεγμα.

148 3085 327 3152 Memoratu
360 3085 492 3169 dignum
526 3092 584 3170 est,
623 3105 685 3167 quo
723 3084 819 3150 modo
851 3087 1073 3150 Aristaenetus
1105 3083 1293 3149 Philostrati

54 3194 243 3258 elocutione
266 3212 344 3258 usus
367 3194 422 3258 sit:

148 3299 210 3364 Pro
239 3301 441 3387 πρόσφθεγμα
469 3298 547 3366 dicit
571 3301 703 3386 φθέγμα,
739 3298 826 3380 quod
856 3304 985 3363 cantum
1019 3295 1193 3380 significat3
1228 3315 1292 3378 qua

53 3407 236 3472 mutatione
252 3405 398 3472 adhibita
412 3406 531 3489 optime
551 3407 582 3470 ei
600 3405 690 3470 licuit
711 3404 833 3471 dicere:
857 3404 1002 3488 virgines
1023 3412 1142 3468 canunt
1161 3423 1292 3468 carmen

54 3514 207 3598 nuptiale
231 3512 392 3599 Sapphus.
439 3510 513 3576 Alia
538 3531 664 3594 quoque
689 3515 823 3577 mutatio
847 3513 983 3594 insignis
1007 3516 1078 3576 est:

150 3618 231 3684 illud
253 3617 434 3694 ἑλικώπιδες,
458 3617 544 3701 quod
560 3617 647 3704 apud
662 3618 892 3685 Philostratum
911 3617 1043 3700 invehit,
1067 3617 1292 3682 Aristaenetus

57 3725 216 3793 adhibere
249 3745 313 3791 non
356 3728 473 3811 potuit3
514 3746 618 3810 parva
655 3727 831 3791 mutatione
873 3744 957 3807 quae
997 3729 1187 3790 concentum
1224 3722 1292 3789 iere

59 3835 225 3918 observat,
250 3832 331 3898 illud
355 3829 526 3906 itinerariis:
549 3833 582 3897 in
605 3831 788 3920 ἡλικιώτιδες
810 3831 1059 3898 transformavit.

151 3959 410 4043 Descriptionem
438 3957 640 4024 sollemnium
670 3959 860 4043 nuptialium
892 3958 1116 4022 Aristaenetus
1148 3957 1195 4022 sic
1222 3974 1294 4021 con-

60 4064 177 4132 cludit:

221 4159 281 4219 acti
305 4151 324 4240 ἡ
349 4155 572 4228 διδάσκαλος
604 4151 781 4236 aristheas
814 4157 877 4240 τὴν
911 4152 1121 4242 ἀπόρδοοσοιν
1151 4155 1213 4215 καὶ
1245 4149 1298 4222 εἷς

222 4265 259 4326 τό
283 4261 393 4348 μέλος
416 4259 548 4334 ἱκανώς
570 4261 759 4343 ἐντβίβαςε
781 4269 1052 4347 χειρονομοώσα
1074 4262 1131 4323 τὸν
1155 4262 1296 4344 τρόπον.

221 4367 340 4454 ἔτερος
372 4370 407 4432 δὲ
430 4377 508 4440 τοῖς
540 4367 694 4454 ᾄσμασιν
728 4367 917 4452 ἐπεκρότει
945 4370 1007 4430 καὶ
1041 4387 1060 4448 u
1094 4364 1193 4436 δεξιὰ
1220 4374 1298 4436 τοῖς

153 4545 174 4609 ¹)
192 4546 233 4602 De
252 4545 419 4602 Callimachi
440 4544 577 4615 Cydippe,
596 4563 662 4615 pag.
683 4545 734 4598 112
754 4562 814 4613 sqq.

152 4633 174 4700 ²)
194 4633 235 4690 cf.
255 4652 320 4704 pag.
339 4635 365 4690 3.
