3020 5104
827 367 870 430 22

430 561 620 626 Platonis:
1038 557 1293 625 Aristaeneti:

230 690 296 754 332
314 689 358 751 D:
392 683 488 759 οὔτως
520 684 726 773 ἀνομιλήτῳ
756 689 818 771 μὲν
873 685 913 752 ll.
934 685 971 753 ὃς
999 682 1136 772 ἠγνόηνιοι
1163 685 1231 757 τοὺς
1258 691 1386 769 τρόπους
1417 684 1468 748 ἅτε

274 795 455 868 παιδείας,
470 791 674 880 ἀνομιλήτῳ
688 793 725 856 δὲ
738 813 818 858 σον·
916 791 1136 880 ἀνομίλητος
1185 795 1245 878 μὲν
1293 793 1468 864 παιδείας

276 907 401 964 οοσιῶν
432 907 492 964 τῶν
525 907 737 986 προσηκουσῶν
768 921 818 980 ηε·
915 899 1072 985 ἐρωτικῆς,
1097 897 1315 984 ἀνομίλητος
1329 900 1367 963 δὲ
1383 921 1468 964 σον·

275 1011 400 1088 γονέναι.
916 1004 1054 1077 coelae.

230 1129 355 1196 3390:
387 1127 508 1214 ὑπάρξει
540 1133 633 1214 ταὺτη
662 1135 819 1216 γιγνόμενα
871 1130 896 1194 Ι.
912 1133 947 1195 4:
971 1132 1165 1216 χαριοὺμεθα
1183 1131 1215 1194 δὲ
1233 1127 1303 1195 ὅσον
1321 1127 1357 1195 ἄν
1376 1127 1465 1214 antip

275 1235 393 1322 ὅπῃπερ
438 1235 475 1302 ἂν
517 1233 626 1309 αὐτὸς
666 1235 817 1321 ὲθὲλης,
917 1236 1046 1320 θέλῃς,
1067 1238 1240 1323 θελησεις
1264 1237 1299 1300 δὲ
1320 1233 1393 1300 οἶδ’
1415 1235 1467 1301 ὅτι

275 1346 449 1431 θελησεις
491 1345 526 1408 δὲ
572 1339 635 1408 οἶδ’
677 1341 730 1408 ὅτι
775 1348 819 1409 τὰ
916 1345 957 1406 τὰ
980 1342 1116 1429 μέτρια.

275 1455 407 1535 μέτρια.

231 1577 295 1641 349
310 1576 352 1638 A:
381 1573 397 1638 ὁ
426 1577 457 1640 δὲ
484 1574 616 1648 ἀκοὺσοις
639 1574 817 1662 ἀνεφλέχθη
872 1575 896 1641 l.
915 1578 970 1641 11:
994 1571 1079 1661 ἥσθη
1103 1577 1155 1640 καὶ
1178 1571 1225 1661 ὑφ’
1243 1571 1356 1661 ἡδονῆς
1378 1598 1466 1640 παν-

274 1705 305 1747 aa
327 1685 389 1746 νιοιὶ
411 1683 622 1747 παντοδαπὰ
641 1687 817 1769 χρώματα
917 1683 1053 1746 τοδοιπὰ
1082 1685 1260 1768 χρώματα
1292 1677 1363 1766 παρ’
1395 1681 1465 1745 ἕκα-

276 1787 374 1875 ἠιιεν,
400 1785 448 1852 οἶα
464 1785 499 1853 ἂν
512 1791 703 1876 θομοίιμενος
717 1786 816 1877 ἀφείη.
916 1809 985 1853 στον
1008 1791 1096 1871 λόγον
1120 1785 1210 1875 ἠφίει.

323 1928 414 2006 Quae
448 1930 599 2015 exempla
630 1931 777 1998 attulisse
809 1932 890 1996 satis
918 1937 968 1996 est
996 1928 1039 1994 ad
1068 1928 1362 2013 demonstrandum,
1402 1950 1462 2012 quo

236 2035 331 2104 modo
347 2037 570 2103 Aristaenetus
584 2039 675 2103 varia
691 2038 837 2104 Platonis
861 2039 981 2122 scripta
1003 2037 1150 2122 plurimis
1174 2037 1255 2102 locis
1269 2035 1312 2102 ad
1326 2037 1462 2102 verbum

235 2145 451 2229 exscripserit.
496 2144 579 2211 Nam
612 2146 806 2210 mutationes
838 2164 902 2209 nou
935 2151 1008 2210 sunt
1040 2163 1181 2226 magnae
1212 2151 1245 2209 ct
1271 2144 1462 2228 plerumque

233 2251 488 2316 enuntiationum
517 2252 754 2317 constructione
783 2252 994 2317 continentur.
1042 2248 1108 2315 Sed
1137 2251 1202 2315 iam
1231 2249 1284 2315 hio
1313 2259 1462 2336 apparet,

235 2362 356 2440 quante
383 2362 452 2423 arte
475 2356 698 2422 Aristaenetus
731 2376 772 2424 ea
804 2376 888 2438 quae
920 2362 1083 2422 mutuatus
1117 2363 1167 2424 est
1193 2359 1294 2422 textui
1322 2376 1383 2422 suo
1408 2357 1462 2422 ad-

233 2465 403 2549 aptaverit.
458 2463 612 2530 Similiter
649 2462 690 2529 de
729 2464 793 2528 alio
831 2465 987 2549 scriptore
1025 2464 1066 2528 ab
1104 2483 1142 2529 eo
1181 2465 1344 2549 exscripto
1384 2457 1491 2536 iudi-l

237 2570 390 2654 cabimus,
416 2569 460 2635 aul
483 2590 578 2653 quem
601 2572 666 2635 iam
689 2577 853 2637 vertamus
877 2591 945 2638 nos.

1487 2655 1489 2748 l

468 2769 494 2848 β.
525 2763 616 2834 ssuaa
639 2765 874 2834 Aristaenetus
898 2765 1041 2834 luciano
1066 2764 1226 2844 screatu
1487 2761 1488 2854 l

324 2890 446 2966 Quodsi
481 2891 704 2958 Aristaenetus
736 2892 905 2956 Platonem
942 2890 1063 2956 idcirco
1098 2893 1259 2976 petiverit,
1297 2889 1386 2972 qnod
1424 2877 1487 2972 eal

232 3000 389 3063 varietate
419 2999 642 3080 quaestionum
673 2999 742 3063 eius
765 2999 893 3065 haurne
916 2999 1029 3083 potuit,
1063 2997 1239 3078 Luciauum
1265 2973 1486 3083 compilavitl

232 3103 319 3186 quod
351 3104 439 3190 apud
472 3124 545 3170 eum
574 3104 615 3169 de
644 3107 836 3188 gravissimo
866 3104 1075 3190 epistularum
1103 3123 1232 3170 suarum
1262 3111 1459 3187 argumento,
1484 3085 1485 3174 l

233 3211 274 3276 de
303 3231 446 3276 amorum
476 3211 616 3295 casibus,
649 3211 751 3276 multa
778 3213 922 3278 invenire
949 3212 1063 3296 potuit.
1110 3209 1201 3286 Quae
1228 3230 1281 3276 res
1309 3231 1349 3276 eo
1378 3232 1459 3276 corn-

233 3318 399 3404 probatur,
424 3316 510 3400 quod
534 3338 551 3383 e
574 3318 662 3383 nullo
683 3318 747 3384 alio
767 3319 903 3384 Luciani
922 3319 1041 3402 scripto
1062 3338 1134 3382 eum
1153 3317 1300 3383 hausisse
1314 3315 1459 3382 videmus

232 3427 294 3490 nisi
319 3445 335 3489 e
359 3426 592 3490 meretriciis
617 3423 803 3508 dialogis3
828 3444 911 3507 quae
935 3426 1019 3492 enim
1044 3425 1110 3489 alia
1134 3445 1206 3490 curn
1229 3425 1366 3489 Luciani
1389 3425 1457 3489 llos·

233 3533 314 3597 culis
347 3539 582 3618 comparentur,
614 3552 672 3618 pro
705 3533 936 3599 imitationibus
969 3533 1065 3598 certis
1093 3531 1205 3597 haberi
1232 3533 1288 3596 vix
1314 3539 1456 3616 possunt.

234 3639 318 3706 Nam
346 3640 569 3706 Aristaenetus
601 3639 707 3705 fontes
740 3659 815 3705 suos
849 3659 1057 3722 quoscunque
1085 3646 1222 3724 poterat,
1257 3637 1457 3706 adverbum

234 3747 414 3832 exscripsit,
448 3747 575 3810 utiam
603 3766 702 3830 supra
728 3746 876 3811 vidimus.
923 3745 996 3822 Qua
1029 3745 1070 3811 de
1100 3765 1200 3812 cansa
1227 3745 1310 3811 haec
1339 3751 1458 3810 tanturn

234 3853 419 3937 afferantur,
444 3873 527 3935 quae
542 3856 611 3918 sine
627 3852 724 3919 dubio
740 3853 918 3918 a'Luciano
934 3854 1035 3937 repeti
1052 3857 1180 3934 queant.
1223 3850 1456 3935 Compouamus

234 3958 293 4025 hos
317 3960 420 4025 locos:

439 4121 615 4186 Luciani:
1042 4121 1296 4186 Aristaeneti:

235 4244 410 4312 Dialmer.
425 4245 497 4311 l.l:
520 4248 716 4331 οιοιὶμειδιᾷ
731 4249 821 4310 aava
875 4247 951 4313 1.1:
976 4247 1094 4332 μειδιοζι
1118 4249 1208 4310 πάνυ
1230 4245 1428 4325 ἐπαγωγόν.

280 4350 478 4435 ἐπαγωγόν

234 4479 446 4486 --.—--..

327 4527 356 4614 ¹)¹
370 4549 584 4605 Hermannus
607 4548 725 4613 Reich,
749 4548 790 4603 De
809 4547 988 4618 Aloiphronis
1007 4526 1154 4617 Longique
1173 4549 1275 4611 aetate,
1304 4545 1453 4616 Regimout

237 4637 315 4702 1894,
335 4637 459 4693 ostendit
477 4637 688 4693 Aristaenetum
707 4655 724 4692 a
743 4637 867 4692 Lucieno
886 4637 1018 4707 pendere.
