3020 5104
562 925 688 1010 caput
711 927 738 994 1.

116 1089 168 1164 A.
206 1089 273 1162 De
302 1089 562 1184 argumentis
590 1089 806 1164 amatoriis
835 1092 889 1163 ab
918 1089 1186 1180 Aristaeneto

532 1216 768 1309 propositis.

125 1391 214 1456 Inter
237 1390 430 1456 Aristaeneti
454 1391 609 1474 epistulas
633 1399 698 1457 tres
721 1393 896 1476 praecipue
921 1394 1061 1456 eminent
1090 1397 1122 1456 et
1149 1391 1263 1475 ampli-

29 1499 149 1563 tudine
187 1504 219 1563 et
249 1497 346 1562 rebus
383 1499 539 1580 tractatis,
578 1501 604 1564 si
642 1504 832 1581 argumenta
869 1519 890 1562 a
927 1498 1079 1583 sophistis
1117 1496 1263 1562 adhibita

29 1605 238 1690 respicimus.
302 1605 340 1668 ln
376 1606 470 1689 primi
507 1605 580 1670 libri
618 1607 757 1690 epistula
798 1604 941 1672 decima.
963 1607 1187 1670 Aristaenetus
1224 1602 1265 1668 de

28 1713 195 1777 Acontii
210 1713 247 1775 in
262 1711 473 1796 Cydippam
487 1731 615 1777 amore
630 1720 748 1795 narrat,
766 1733 862 1795 quam
877 1712 1021 1777 fabulam
1038 1710 1265 1777 eCallimacho

27 1821 171 1884 fluxisse
196 1818 356 1883 Carolus
379 1817 568 1902 Dilthey1)
590 1818 830 1901 demonstravit,
855 1839 960 1901 neque
983 1817 1195 1883 dubitandum
1216 1823 1265 1883 est

31 1928 115 2008 quin
147 1925 205 1988 illa
237 1925 349 1989 fabula
385 1925 538 2009 sophistis
570 1925 636 1990 fere
673 1927 839 1991 tritissima
876 1925 979 1992 fuerit.
1044 1925 1267 1990 Aristaenetus

30 2052 152 2098 omnes
189 2051 241 2096 res
278 2032 433 2115 singulas,
472 2052 552 2114 quas
590 2053 610 2095 a
651 2032 803 2116 sophistis
853 2035 951 2116 novit,
998 2030 1267 2116 descriptionibus

30 2140 210 2205 exornavit
234 2146 265 2202 ct
289 2137 506 2222 amplificavit.
998 2151 1001 2158 ⁴

131 2264 244 2328 Altera
277 2283 402 2346 quoque
436 2263 556 2342 fabula,
591 2284 687 2346 quam
711 2265 933 2331 Aristaenetus
956 2266 989 2328 in
1022 2264 1162 2349 epistula
1184 2264 1264 2330 Xlll

31 2372 134 2457 primi
149 2370 223 2435 libri
237 2370 389 2454 explicat,
402 2370 488 2455 apud
504 2372 655 2455 plurimos
673 2372 818 2438 rhetores
837 2372 1005 2454 invenitur,
1030 2371 1103 2437 dico
1123 2371 1268 2435 fabulam

31 2480 78 2544 de
105 2477 309 2554 Antiocho,
344 2479 397 2559 qui
421 2477 622 2544 clandestino
657 2499 765 2545 amore
793 2481 825 2543 in
849 2480 950 2563 patris
975 2478 1110 2544 alteram
1129 2498 1266 2544 uxorem

30 2583 227 2652 exardescit
250 2591 282 2649 et
306 2582 380 2649 dolo
409 2584 526 2650 medici
555 2584 596 2650 ad
626 2585 821 2670 explendum
850 2584 1045 2652 desiderium
1072 2583 1268 2670 perducitur.

33 2689 201 2781 Eandem?
224 2689 368 2755 tabulam
401 2697 554 2756 tractant:
597 2692 764 2776 Appianus
797 2693 868 2776 Syr.
903 2695 1045 2776 cti-61,
1078 2691 1270 2757 Plutarchus

33 2802 185 2865 Demetr.
215 2801 268 2881 38,
304 2797 464 2863 Luciacus
499 2797 539 2862 de
572 2799 634 2863 dea
667 2799 738 2882 Syr.
767 2803 817 2882 17,
853 2803 903 2882 18,
935 2800 1079 2864 lulianus
1111 2799 1268 2883 Misopog.

31 2930 67 2992 p.
86 2907 252 2987 346-49,
287 2904 434 2970 Valerius
455 2906 615 2970 Maximus
633 2906 690 2972 Vl
712 2911 805 2973 extl
823 2906 977 2988 multique
993 2907 1047 2970 alii
1059 2907 1269 2990 scriptores.²)

34 3015 265 3078 Aristaenetus
288 3031 368 3078 sane
397 3012 551 3076 nonnulla
574 3015 719 3096 mutavit,
753 3015 785 3077 in
814 3021 1003 3096 argumento
1031 3033 1108 3079 vero
1139 3012 1270 3077 tabulae

35 3121 184 3184 maxime
208 3138 280 3183 oum
309 3117 484 3184 Heliodoro
514 3122 669 3203 congruit,
694 3123 747 3202 qui
781 3120 918 3185 eandem
951 3141 1018 3186 rem
1050 3121 1082 3184 in
1111 3120 1164 3184 IV.
1189 3119 1269 3183 libro

35 3227 248 3292 historiarum
272 3225 535 3310 Aethiopicarum
565 3230 716 3311 narravit,
749 3247 943 3309 quamquam
973 3226 1036 3292 dici
1069 3247 1133 3292 non
1165 3232 1272 3311 potest

36 3336 283 3398 Aristaenetum
315 3333 525 3398 Heliodorum
562 3334 622 3399 hoc
651 3335 722 3399 loco
757 3335 966 3419 compilasse3
1003 3354 1079 3398 nam
1116 3341 1150 3398 ut
1186 3333 1270 3398 infra

36 3439 234 3523 videbimus,
268 3439 345 3503 nihil
378 3447 485 3505 exstat
517 3440 602 3522 quod
633 3448 720 3506 certo
744 3440 918 3507 Heliodoro
952 3442 1111 3506 tribuatur
1141 3448 1271 3524 praeter

40 3548 201 3638 nominap

134 3678 183 3736 est
206 3674 291 3736 enim
314 3670 440 3737 medico
465 3670 630 3737 Heliodori
654 3692 770 3737 nomen
793 3674 1015 3757 Acestinus‚

372 3829 386 3864 „
466 3781 661 3845 Aristaeneti
709 3832 724 3866 ῃ
796 3780 1003 3863 Panacius,

137 3922 245 3967 amore
269 3902 387 3986 flagrat
409 3903 497 3989 apud
521 3904 728 3969 Heliodorum
752 3904 972 3989 Charicles,

185 4061 199 4095 „
317 4061 333 4096 ῃ
452 4061 466 4096 „
526 4013 763 4077 Aristaenetum
787 4011 1005 4093 Charicles,

134 4135 219 4220 patri
244 4134 329 4219 apud
354 4134 563 4200 Heliodorum
588 4143 637 4201 est
662 4155 776 4201 nomen
802 4135 1017 4219 Charicles²

178 4291 192 4326 „
288 4242 590 4327 „Aristaenetum
706 4293 721 4327 ῃ
801 4242 991 4325 Polycles.

134 4473 156 4540 ¹)
175 4473 216 4528 De
236 4472 401 4528 Callimachi
421 4473 557 4544 Cydippe..

23 4605 24 4612 ,
134 4561 157 4628 ²)
177 4561 218 4616 Cf.
238 4561 416 4626 Rohdium‚
435 4563 552 4629 Roman,
571 4581 638 4633 pag.
657 4561 743 4630 silos.
