3020 5104
656 321 699 385 33

41 517 131 582 fieri¹
145 516 237 600 solet,
254 515 496 581 accuratissime
507 513 676 580 describit.
723 511 827 591 Quam
842 514 1107 582 consuetudinem
1127 516 1289 582 rhetorum

44 623 238 702 Rohdius1)
248 622 493 707 diligentissime
502 621 670 706 permultis
681 623 839 707 exemplis
848 623 1030 688 illustravit.
1063 621 1198 709 Oportet
1207 606 1292 688 enim

44 732 222 813 virginem
255 735 287 794 et
313 731 462 795 iuvenem
490 731 544 810 qui
571 730 674 813 primo
703 736 840 813 aspectu
869 749 992 795 summo
1017 749 1127 796 amore
1150 731 1234 795 inter
1256 749 1292 794 se

50 835 281 902 exardescunt
313 834 465 920 pulchros
498 855 586 917 esse,
625 855 721 917 quam
754 835 1023 920 pulchritudinem
1056 842 1091 901 ut
1118 836 1292 922 scriptores

54 944 160 1008 nobis
188 941 366 1028 depingant
398 944 537 1007 maxime
566 961 699 1026 operam
734 942 812 1007 dant
840 962 944 1025 neque
974 963 994 1008 a
1022 941 1293 1028 descriptionibus

53 1051 233 1116 uberrimis
266 1051 465 1132 singularum
498 1051 642 1133 eorporis
672 1051 811 1134 partium
845 1050 1028 1134 abhorrent,
1061 1051 1108 1115 ita
1136 1055 1170 1115 ut
1192 1069 1293 1134 saepe

51 1165 175 1242 partes
199 1156 432 1240 describantur,
457 1175 540 1237 quae
559 1158 760 1222 vestimentis
784 1163 918 1241 opertae
941 1164 1025 1222 sunt.
1071 1157 1161 1223 Haec
1185 1163 1295 1221 omnia

52 1265 159 1330 nobis
185 1265 312 1328 iamin
339 1266 444 1348 prima
471 1263 665 1328 Aristaeneti
693 1264 835 1347 epistula
860 1270 1037 1349 apparent,
1070 1262 1129 1329 sed
1156 1263 1209 1328 hie
1238 1283 1295 1329 eos

52 1379 191 1436 tantum
221 1372 311 1436 locos
342 1371 568 1455 respiciamus,
608 1371 661 1452 qui
699 1389 771 1434 cum
804 1370 990 1436 Philostrati
1023 1370 1295 1455 descriptionibus

55 1483 258 1561 congruunt.
890 1495 894 1500 ·

493 1584 570 1650 um.
594 1584 611 1648 1
638 1583 809 1668 epistula
832 1584 861 1647 1:

155 1708 363 1774 Pulchritudo
397 1709 561 1774 oculorum
598 1710 733 1792 virginis
770 1715 899 1773 amatae
932 1708 1054 1775 eisdem
1086 1708 1153 1775 fere
1186 1708 1295 1774 verbis

53 1824 165 1898 atque
190 1836 210 1880 a
233 1815 428 1881 Philostrato
452 1814 658 1881 describitur:

226 1920 242 1986 d
271 1923 303 1985 δὲ
323 1929 463 2008 ,χρυσοός
487 1920 590 2006 Ἔρως
622 1921 780 1987 ἐπαίδευσε
811 1927 865 2007 τὴν
892 1925 1084 2008 ποθουμένην
1112 1918 1296 2008 εὐστόχως

228 2028 442 2101 ἐπιτοίεόειν
466 2038 544 2100 ταῖς
567 2041 635 2094 τῶν
658 2027 828 2116 ὀμμάτων
852 2032 987 2112 βολαῖς.

155 2154 305 2219 Philostr.
325 2156 423 2236 imag.
443 2155 474 2217 ΙΙ
493 2153 548 2219 ιθ’;
573 2157 678 2236 βολαί
703 2177 740 2218 τε
764 2152 965 2241 ὀφθαλμῶν
990 2151 1170 2218 είίσκοποι.

156 2278 342 2344 Philostrati
364 2278 438 2343 libri
462 2276 591 2360 quidem
614 2279 774 2363 praebent
796 2278 886 2360 βολαί
907 2301 939 2342 τε
961 2275 1115 2361 edocerer,
1145 2275 1204 2343 sed
1231 2297 1296 2342 non

56 2392 115 2451 est
150 2383 282 2450 dubium
314 2386 390 2467 quin
428 2387 525 2450 etiam
558 2384 646 2470 apud
669 2383 769 2467 illum,
803 2391 837 2449 ut
865 2385 1049 2451 Poerster
1079 2405 1131 2449 me
1163 2385 1295 2467 monuit,

56 2489 216 2577 ε’όστοχοι,
245 2510 328 2574 quae
352 2512 416 2557 vox
440 2491 484 2556 ad
507 2490 587 2556 illud
620 2493 706 2574 βολαί
738 2491 836 2556 multo
870 2493 985 2557 melius
1009 2489 1157 2576 quadrat,
1186 2492 1296 2575 legen·

59 2599 147 2664 dum
170 2601 221 2664 sit.

158 2722 323 2789 Laudatur
347 2725 443 2788 etiam
467 2724 654 2807 symmetria
678 2743 717 2788 ao
741 2725 904 2806 proportio
925 2723 1170 2806 superciliorum
1189 2723 1298 2788 verbis

58 2851 153 2914 quae
177 2829 315 2896 eundem
338 2849 468 2895 sensum
491 2829 649 2913 praebent
673 2836 769 2911 atque
794 2829 907 2893 similis
930 2830 1020 2894 locus
1043 2828 1076 2892 in
1091 2828 1296 2894 Philostrato.

160 2955 315 3020 Conferas
339 2956 437 3020 enim:

158 3064 316 3127 Aristaee.
331 3081 380 3145 ep.
398 3063 427 3125 I:
452 3066 487 3126 τὸ
511 3067 678 3148 μεσόφρυον
702 3059 856 3148 ἐμμέτρως
880 3064 936 3133 τὰς
958 3057 1070 3147 ὀφρῦς
1093 3061 1217 3145 διορίζει.

158 3168 240 3233 Phil.
265 3169 362 3252 imag.
382 3167 467 3232 Ha':
504 3177 564 3232 τῶν
606 3169 637 3232 δὲ
668 3163 811 3255 ὀρρόυν
843 3167 948 3254 χαρίεν
982 3173 1035 3253 μὲν
1068 3171 1101 3231 τὸ
1135 3165 1203 3232 ἀπὸ
1234 3177 1298 3246 Ιτου

230 3271 320 3340 αὐτοῦ
343 3274 497 3362 ἄρχεσθαι
520 3278 572 3340 καὶ
595 3273 710 3362 ὁμόθεν
734 3273 926 3368 ἐκπεφυκέναι
949 3285 1004 3360 τῆς
1028 3270 1116 3358 ῥινός.

158 3401 209 3465 De
232 3402 350 3485 capillo
376 3399 466 3464 dicit:

159 3507 318 3573 Aristaen.
351 3506 370 3593 ἡ
403 3509 435 3570 δὲ
465 3513 558 3593 κόμη
588 3519 715 3592 φυσικός
743 3506 928 3592 ἐνουλιομὲνρ
958 3503 1155 3589 ὑακινθίνῳ
1182 3504 1297 3571 ἄνθει.

161 3613 242 3678 Phil.
267 3615 320 3684 im.
353 3613 451 3678 lat:
501 3618 554 3678 καί
604 3610 818 3700 ι’)ακινθίνην
860 3611 935 3678 εἶναι
972 3625 1012 3696 τῷ
1051 3617 1196 3698 μειρακίῳ
1237 3617 1299 3698 τὴν

231 3725 345 3807 κόμην
369 3721 421 3785 vel

160 3829 212 3894 im.
238 3827 269 3891 ΙΙ
292 3826 342 3891 ια’;
368 3826 553 3914 ἐκπερόκασι
576 3823 803 3899 ὑακινθίνοις
826 3825 991 3891 ἄνθεσιν.

161 3951 254 4028 Quod
278 3953 502 4017 Aristaenetus
526 3951 715 4035 capillorum
744 3952 885 4016 colorem
915 3971 988 4016 cum
1016 3949 1189 4035 hyacintho
1214 3968 1299 4015 eom-

69 4066 174 4144 parat,
213 4059 356 4140 sequitur
392 4057 609 4142 sophistarum
647 4056 927 4141 consuetudinem,
967 4055 1054 4143 apud
1093 4076 1173 4140 quos
1210 4056 1300 4120 color

163 4234 184 4297 ¹)
211 4236 338 4302 Rohde,
370 4237 390 4291 l.
414 4237 432 4290 l.
456 4254 484 4306 p.
513 4233 617 4302 lsolor.
655 4235 747 4290 Multa
784 4253 857 4303 quae
891 4235 927 4290 ad
960 4236 1033 4290 hane
1066 4252 1126 4290 rem
1154 4234 1299 4303 pertinent

71 4325 214 4379 1.Forst
243 4325 384 4395 congessit
407 4325 450 4379 in:
482 4324 753 4394 ,Untersuchungen
770 4327 826 4378 hur
849 4323 1013 4392 Ephemeris
1042 4322 1090 4378 des
1114 4321 1300 4391 Diktys·von

72 4414 183 4469 Kmta‘
222 4413 394 4483 Philologus,
418 4413 451 4468 N.
472 4413 501 4466 ll.
524 4413 564 4478 15,
587 4431 615 4483 p.
634 4412 687 4467 375
711 4431 770 4480 sqq.
791 4416 820 4467 et
839 4414 891 4468 593
912 4431 971 4481 sqq.
1010 4410 1050 4465 Cf.
1071 4411 1157 4465 etiam
1176 4411 1300 4466 Wend·

73 4502 237 4568 laudium,
253 4504 302 4572 qui
317 4503 449 4558 Filrstii
463 4502 598 4573 exempla
609 4501 689 4580 auxit
703 4502 746 4556 in:
765 4502 870 4558 Berlin.
895 4502 995 4557 Philol.
1006 4501 1205 4557 Wochenschr.
1221 4499 1300 4566 1904,

73 4611 99 4662 p.
119 4593 171 4646 292
190 4611 250 4662 sqq.

1121 4679 1138 4731 3
