3020 5104
563 378 566 380 ,
635 289 774 382 ,31

142 482 196 546 Αι.
219 483 245 546 Ι.
259 483 317 550 25:
350 486 402 545 καί
428 488 496 545 τῶν,
512 478 547 546 έκ
575 485 740 568 πωμάτων
757 485 837 565 πρὸς
864 478 952 547 αὐτὸν
982 481 1124 547 ἀντίδοσιν
1155 483 1285 548 ἐποιεῖτο

212 592 266 652 καί
283 597 384 654 τοῦτον
402 591 451 652 τὸν
471 594 580 672 τρόπον
602 585 756 673 ὥσπερέκ
774 592 929 676 στομάτων
948 585 1110 677 ὑπεφίλοον
1130 587 1284 676 ἀλλήλους

214 701 425 768 καταπίνοντες
458 697 495 758 τὰ
527 698 712 781 φιλήματα
743 699 795 759 καί
831 699 879 760 τὸν
912 693 1006 761 οἶνον
1037 706 1113 769 τοῖς
1146 698 1283 782 χείλεσι

213 802 395 889 κεκραμένον
418 801 506 888 μέχρι
527 805 580 866 καί
603 797 695 888 αὐτῆς
718 807 912 888 παρέπεμπον
934 803 1069 888 καρδίας.

143 945 300 1010 Similiter
321 943 535 1009 Philostratus
557 945 589 1008 in
614 963 665 1028 ep.
689 947 746 1011 33:

215 1067 241 1133 εί
264 1071 294 1134 δὲ
309 1072 417 1152 βοδλει,
437 1073 485 1135 τδν
510 1073 560 1154 μέν
580 1068 656 1134 οἶνον
675 1073 717 1156 μὴ
737 1071 937 1154 παραπόλλοε,
959 1075 1046 1156 μόνου
1065 1066 1091 1134 δ’
1110 1068 1285 1156 ἐμβαλοῦσα

215 1173 324 1249 ὕδατος
346 1179 399 1240 καί
421 1185 497 1250 τοῖς
521 1176 657 1261 χείλεσι
685 1181 896 1264 προσφέρουσα
927 1178 1041 1263 πλήρου
1075 1180 1283 1265 φιλημάτων

214 1288 249 1349 τὸ
272 1282 399 1369 ἔκπωμα
421 1287 474 1346 καί
497 1279 593 1356 οὕτως
616 1283 696 1348 δίδου
720 1293 781 1354 τοῖς
805 1284 961 1370 δεομένοις.

140 1445 292 1510 Invitatio
331 1444 373 1509 ad
407 1464 549 1509 amorem
585 1443 755 1509 fruendum
788 1445 944 1510 similibus
973 1427 1170 1528 argumentis
1199 1465 1282 1512 oom-

37 1551 222 1636 probatur:

143 1676 197 1740 Ar.
212 1676 305 1742 11.:1
330 1679 507 1748 διδουτοις
522 1699 585 1750 σοις
600 1679 773 1760 οπωρωναις
789 1699 842 1760 την
860 1674 1027 1762 ὥραντρογ
1011 1688 1084 1744 ἀν’,
1082 1700 1155 1770 μετ
1156 1675 1283 1759 ’ὀλίγον

215 1781 270 1868 έσγγ
294 1784 476 1868 γεράνδρυον.

141 1924 224 1989 Phil.
245 1945 296 2008 ep.
318 1929 373 1993 13.
408 1926 468 1997 δὸς
500 1921 591 2026 αυτοῦ
623 1929 697 2010 πρὸς
721 1925 861 2010 Ἔρωτος
892 1930 960 2009 πρίν
979 1927 1024 1990 ’τδ
1052 1925 1106 2010 έαρ
1139 1925 1282 2026 ἀπελθεῖν

213 2029 283 2097 ὅλον
307 2035 359 2097 καὶ
381 2041 520 2118 χειμῶνα
542 2031 707 2116 ἐπιστῆσαι,
753 2033 807 2097 vel
886 2099 887 2102 ,

143 2194 192 2258 ep.
210 2177 266 2241 17:
300 2177 388 2263 μηδὲν
417 2179 517 2262 μέλλε,
551 2174 574 2238 ὡ
603 2179 805 2262 φθεγγόμενον
838 2173 939 2277 ῥόδον,
973 2173 1043 2240 ἀλλ’
1077 2175 1134 2247 ἕως
1165 2175 1282 2260 ἐ’ξεστιν,

214 2283 366 2368 μετάδος
389 2279 459 2368 ἡμῖν
483 2281 525 2347 ὧν
549 2283 639 2368 έχεις.

141 2425 284 2507 Uterque
313 2433 425 2491 auotor
448 2428 609 2511 vituperat
632 2426 817 2511 superbiam
846 2433 879 2491 et
905 2427 1122 2510 arrogantiam
1149 2429 1282 2509 propter

41 2531 214 2598 secundas
238 2552 290 2598 res
313 2535 346 2597 in
369 2533 547 2598 amoribus:

142 2657 194 2722 Ar.
209 2658 298 2726 11.:6
330 2657 373 2730 ὡς
400 2656 551 2745 ἐρώμενος
578 2654 797 2742 αυθαδέστερον
823 2630 969 2742 υπεραίριγ
995 2662 1050 2722 καί
1077 2659 1283 2741 σοβαρώτερος

213 2771 335 2888 γέγονας
363 2769 418 2850 τὴν
445 2763 617 2852 sosoma
619 2767 810 2849 ροβοιτεῖςδέ
838 2768 997 2850 μετάρσιος
1023 2768 1075 2830 καί
1103 2766 1211 2848 οπερο
1218 2786 1281 2847 ρας

213 2869 298 2958 γμῶν
321 2883 378 2937 των
402 2874 616 2954 βαδιζόντων
638 2871 747 2960 χαμαί.

141 3014 222 3080 Phil.
239 3035 289 3101 ep.
307 3017 365 3082 38:
399 3012 482 3081 οὐδὲν
506 3011 573 3080 οδδὲ
596 3017 632 3078 σι’)
654 3019 756 3080 καινὸν
779 3025 882 3088 ποιεῖς,
916 3012 940 3076 εί
963 3018 1031 3099 γυνίγ
1056 3009 1132 3079 οὖσα
1159 3013 1281 3077 πολλῶν

212 3121 275 3207 ὥρα
298 3132 453 3207 κρατοῦσα
476 3119 610 3209 ὑψηλόν
633 3146 664 3186 τε
689 3119 776 3206 ὁρᾷς
798 3125 850 3186 καὶ
875 3126 1048 3206 μετέωρον
1071 3120 1237 3202 βαδίζεις.

142 3266 192 3330 De
216 3267 345 3350 spiritus
369 3259 468 3332 odore
491 3266 715 3331 Aristaenetus
738 3263 817 3329 dioit
839 3265 871 3327 in
896 3264 1035 3348 epistula
1057 3262 1082 3326 I.
1099 3266 1156 3330 16:

211 3385 272 3438 τῶν
309 3374 341 3436 δέ
372 3372 524 3459 χειλέων
553 3369 646 3457 αὐτῆς
678 3369 972 3457 ι’·ιποινσιχθέντων
1006 3368 1102 3456 ἀτμὸς
1144 3364 1280 3454 ebbio<

211 3478 424 3566 temperabam,
449 3477 534 3561 quod
558 3479 725 3562 paululum
750 3477 900 3543 differta

141 3603 222 3688 Phil.
238 3643 289 3707 ep.
305 3625 362 3688 34:
396 3622 476 3690 ἀλλὰ
509 3625 551 3686 τά
578 3625 681 3708 χείλη
714 3643 753 3707 με
785 3619 926 3700 ἐπάγεται
958 3623 1011 3683 καί
1043 3621 1144 3692 δεινῶς
1176 3622 1280 3682 κάεται

210 3732 410 3816 κεκλεισμένα
433 3735 485 3816 μέν
507 3726 545 3794 δι’
569 3726 738 3816 εὐκοσμίαν,
763 3725 981 3814 ανοιχθέντα
1004 3728 1035 3790 δὲ
1059 3723 1093 3789 δι’
1119 3722 1277 3788 εὐωδίαν.

141 3871 263 3949 Quibus
302 3872 459 3957 exemplis
496 3893 592 3937 unum
630 3870 784 3954 addatur3
823 3871 967 3936 rhetores
1004 3869 1277 3953 comparationem

49 4001 123 4045 oum
159 3979 292 4063 deabus,
332 3999 415 4061 quae
450 3978 603 4044 Paridem
639 3977 779 4044 iudioem
815 3975 1063 4062 pulchritudinis
1101 3976 1277 4057 elegerant,

49 4107 151 4173 saepe
175 4085 340 4171 adhibent,
366 4106 460 4170 quem
484 4105 576 4151 usum
600 4093 633 4150 et
657 4083 744 4169 apud
758 4085 996 4150 Aristaenetum
1015 4088 1047 4148 et
1065 4081 1152 4166 apud
1172 4078 1277 4143 Philo-

48 4196 403 4277 stratum'1nvenimus3
428 4194 518 4259 ouius
541 4194 588 4256 rei
611 4191 693 4257 haee
718 4190 868 4275 exempla
891 4190 1053 4256 conferas:

138 4319 192 4388 Ar
207 4322 284 4386 I.l:
309 4343 364 4404 περ
367 4324 377 4382 ί
399 4314 578 4391 κάλλους
551 4339 605 4382 ουκ
619 4315 871 4402 ἠγωνίσαντογ
816 4337 876 4400 ποιρ
865 4313 1012 4401 [ἐμοί’
1014 4312 1111 4397 Ηρ,οις
1135 4308 1278 4398 Αθηνᾶς

210 4424 265 4492 οδκ
287 4426 409 4511 ἔκρινα
434 4430 487 4512 τὴν
514 4428 589 4490 θεὸν
617 4444 737 4509 ευπρεεπ
741 4423 845 4508 στέραν
873 4418 950 4506 ὃπάρ
934 4445 989 4508 ρχε
977 4444 1026 4498 ιν,
1070 4425 1166 4506 hippos
1200 4429 1275 4502 αυτγγ

208 4536 295 4622 δίκης
317 4530 372 4598 ουκ
396 4532 536 4599 ἀπέδωκα
561 4535 666 4619 μῆλον.
