3020 5104
815 299 859 364 20

732 387 945 396 —.-—-—

424 494 614 558 Platonis:
1031 492 1287 558 Aristaeneti:

225 622 289 687 198
306 619 344 682 B:
365 624 554 702 πραότητα
572 622 632 704 μὲν
650 621 811 701 πορίζων,
865 618 963 684 [152
992 623 1173 704 πραότητα
1202 623 1262 704 μὲν
1286 621 1463 701 πορίζων,

268 725 470 811 ἀγριότητα
493 720 518 788 δ’
543 723 722 808 ἐξορίζειν.
911 722 1106 810 ἀγριότητα
1130 720 1155 788 δ’
1181 723 1363 808 ἐξορίζων.

222 851 348 919 203D:
374 848 429 914 ἀεί
457 871 558 921 τινας
582 852 720 913 πλέκων
743 871 813 934 μη·
867 849 967 915 1.10:
1020 847 1075 912 ἀεί
1124 871 1222 922 τινας
1267 847 1465 934 παραδόξους

267 961 387 1044 χανὰς
417 961 471 1022 καὶ
502 961 676 1044 φρονήσεως
706 955 813 1020 ἐπιθυ·
912 956 1082 1040 μηχανάς
1105 953 1315 1039 διαξπλὲκιυν.

267 1071 378 1152 νοτίς·

222 1175 290 1239 213
309 1171 351 1238 D:
392 1175 454 1235 καὶ
490 1175 538 1235 τό)
575 1179 673 1256 χεῖρε
710 1174 811 1254 μόγις
864 1168 906 1232 ΙΙ.
924 1169 981 1234 12:
1023 1170 1085 1232 καὶ
1125 1173 1170 1230 τὼ
1210 1179 1310 1254 χεῖρε
1351 1175 1466 1254 μόγις

270 1277 454 1363 ἀπέχεται.
912 1272 1100 1360 ἀπέχεται.

224 1401 814 1486 216Βεέριυτικῶςδιάκειταιτῶν
868 1399 892 1465 Ι.
912 1403 966 1466 18:
996 1403 1048 1464 καὶ
1076 1402 1142 1464 λίαν
1170 1397 1350 1482 ἐρωτικῶς
1385 1401 1466 1462 διὰ-

270 1510 403 1573 καλῶν.
912 1528 1032 1570 κεισαι
1056 1517 1123 1569 τῶν
1145 1508 1276 1571 καλῶν.

225 1628 813 1722 2171τέφρόνουνγάρδὴέπὶτῇ
868 1630 969 1696 1.27;
1016 1641 1153 1720 φρονῶν
1198 1627 1255 1694 ἐπὶ
1300 1641 1339 1716 τη
1387 1629 1466 1715 ῶρογ

271 1737 345 1824 ὥρη
368 1741 569 1823 θαυμάσιον
594 1735 689 1802 ὅσον.
912 1739 1116 1822 θαυμάσιον
1139 1735 1233 1803 ὅσον.

213 1868 291 1944 ,217
306 1864 349 1928 A:
379 1861 529 1950 ἕρμαιον
557 1859 718 1948 ἡγησάμην
741 1859 815 1927 εἶναι
868 1863 894 1927 I.
910 1865 966 1928 19:
990 1857 1079 1948 ἠμὲν
1093 1867 1190 1948 μήτηρ
1204 1859 1350 1947 ἕρμαιον
1370 1859 1465 1946 αάτη

271 1975 332 2035 καὶ
346 1967 531 2055 εάτόχημα
544 1967 615 2056 ἐμὸν
629 1972 814 2057 θαυμαστόν.
913 1971 975 2033 καὶ
996 1964 1183 2054 εάτόχημα
1196 1971 1342 2051 λογίζεται
1357 1978 1465 2032 τοῦτο.

229 2099 293 2162 217
311 2095 352 2160 E:
378 2100 483 2182 μέχρι
502 2099 563 2179 μὲν
583 2091 642 2159 οὖν
657 2095 699 2180 δὴ
715 2095 817 2178 δεῦρο
870 2094 896 2157 Ι.
912 2096 947 2158 2:
972 2098 1079 2180 μέχρι
1103 2099 1165 2179 μὲν
1189 2089 1249 2156 οὖν
1272 2095 1380 2176 δεῦρο
1406 2102 1466 2156 που

271 2211 332 2267 που
365 2204 475 2281 λόγου
508 2203 631 2273 καλῶς
666 2198 706 2265 ἀν
739 2203 818 2287 ἔχοι
862 2177 871 2200 ”
916 2201 1024 2280 λόγου
1055 2202 1180 2271 καλῶς
1216 2197 1256 2265 ἀν
1287 2199 1367 2287 ἔχοι
1405 2204 1468 2263 καί

272 2312 435 2393 καὶπρὸς
453 2305 614 2373 ὁντινοῦν
633 2311 760 2388 λέγειν,
779 2311 817 2372 τὸ
916 2310 1004 2390 πρὸς
1027 2303 1201 2381 ὁντινοῦν,
1224 2311 1263 2371 τὸ
1287 2303 1313 2370 δ’
1335 2306 1467 2371 ἐντεῦ-

273 2412 299 2480 δ’
324 2414 494 2480 ἐντεῦθεν
518 2411 573 2478 οόκ
595 2413 631 2479 ἀν
655 2438 712 2500 μου
727 2411 817 2500 ηκοό-
916 2416 980 2479 θεν
1030 2414 1061 2477 ἐν
1110 2413 1268 2501 κεφαλαίῳ
1317 2423 1467 2478 τοσοῦτον

273 2542 343 2587 σατε
368 2522 551 2602 λέγοντος.
916 2521 1076 2586 λεκτέον.

230 2650 294 2714 218
310 2647 351 2710 E:
376 2643 531 2732 ἐπιχειρεῖς
553 2648 607 2710 καὶ
625 2642 817 2715 ἀλλάξασθαι
872 2645 897 2710 Ι.
913 2648 971 2712 27ι
999 2643 1132 2731 οὶόμενόν
1155 2668 1185 2708 τε
1211 2647 1350 2716 κάλλος
1379 2641 1468 2729 ὑπὲρ

274 2755 412 2824 κάλλος
435 2751 514 2817 ἀντὶ
536 2753 705 2824 κάλλους.
828 2755 830 2758 ’
916 2753 1077 2824 κάλλους
1099 2752 1286 2838 χαρίζεσθαι

228 2876 349 2944 219Βε
384 2885 493 2941 ταῦτα
528 2876 663 2948 ἀκοίτας
699 2901 731 2941 τε
765 2880 819 2941 καὶ
872 2877 914 2942 11.
929 2879 964 2943 4:
990 2886 1142 2942 τοιαῦτα
1164 2882 1390 2963 ψυχαγωγοόσα
1412 2881 1469 2942 καὶ

273 2983 363 3048 εἰπὼν
395 2987 448 3047 καί
475 2983 579 3070 ἀφεὶς
602 2979 717 3067 ὥσπερ
733 2983 817 3070 βέλη
918 2980 1037 3068 ὥσπερ
1069 2986 1156 3070 βέλη
1189 2985 1296 3064 λόγους
1329 2983 1469 3071 ἀφεῖσα

274 3092 438 3175 τετρῶσθαι
462 3086 551 3156 αι’)τδν
574 3089 668 3177 ᾤμην.
917 3096 1058 3156 πέπεικεν.

229 3200 294 3264 222
309 3198 350 3261 E:
386 3197 428 3270 ὡς
464 3201 625 3282 κατεκλίνη
663 3195 693 3262 ἐν
727 3202 820 3284 μὲσιρ
874 3197 899 3261 l.
915 3199 972 3264 25:
997 3199 1096 3263 ἔπειτα
1113 3201 1354 3282 παρακαθίζεται
1374 3205 1468 3286 μέση

273 3305 360 3390 ἐμοῦ
384 3327 419 3368 τε
445 3307 511 3367 καὶ
533 3313 598 3378 σοῦ,
628 3303 688 3368 ἵνα
709 3307 822 3389 χωρὶς
919 3305 1006 3391 ἐμοῦ
1039 3329 1074 3369 τε
1107 3307 1169 3369 καὶ
1200 3301 1375 3392 Παμφίλου,
1408 3304 1469 3369 ἵνα

241 3433 243 3436 ·
275 3409 371 3497 ἡμᾶς
394 3411 557 3494 διαλάβη.
920 3414 1031 3498 χωρὶς
1054 3408 1149 3499 ἡμᾶς
1171 3412 1340 3496 διαλάβη.

673 3591 702 3654 8.
732 3589 759 3652 Ε
788 3587 1019 3655 Theaeteto:

231 3715 352 3782 1623:
383 3713 459 3778 ἀλλ’
485 3712 516 3778 εί
538 3710 663 3789 οὕτως,
687 3711 711 3776 ὦ
734 3713 821 3778 Θεό·
875 3715 900 3778 Ι.
917 3717 974 3780 21:
1004 3711 1038 3778 εὶ
1059 3718 1125 3799 γὰρ
1149 3710 1242 3779 οὕτω
1266 3737 1319 3778 σοι
1344 3719 1468 3802 φίλον,

275 3823 379 3906 δωρε,
410 3824 466 3885 σοὶ
494 3824 614 3908 φίλον,
643 3816 718 3886 οὔδ’
742 3820 822 3908 ἐμοὶ
920 3819 944 3883 ὡ
991 3819 1211 3908 Τελεσίππη,
1258 3817 1335 3886 οὔδ’
1384 3821 1469 3908 ἐμοὶ

274 3928 424 4014 ἐχθρόν.
921 3927 1069 4013 ἐχθρόν.
1305 4001 1308 4006 ,

231 4031 822 4122 20οΕιότὸνποταμὸνκαθηγοό-
876 4034 902 4098 Ι.
917 4036 952 4099 4:
979 4035 1056 4120 πλὴν
1085 4031 1169 4100 αάτὸ
1198 4033 1321 4110 δείξει,
1351 4035 1421 4124 ἔφη
1452 4035 1468 4100 ὁ

276 4163 386 4226 μενος
409 4141 475 4228 ἔφη
496 4138 557 4225 ἀρα
581 4141 707 4213 δείξειν
726 4137 820 4206 αάτό.
921 4144 982 4206 τόν
1001 4146 1159 4229 ποταμὸν
1174 4144 1469 4230 καθηγυόμενος.

676 4323 705 4386 9.
734 4319 761 4383 Ε
787 4319 1021 4404 Republica:

233 4463 264 4532 p.
285 4445 352 4510 474
365 4443 405 4508 D.
421 4443 474 4509 R:
503 4441 520 4507 ὁ
549 4449 614 4530 μὲνΙ
638 4443 691 4509 ὅτι
715 4449 821 4530 σιμός
875 4445 973 4512 1.18:
998 4449 1059 4509 καὶ
1082 4442 1098 4508 ά
1123 4451 1182 4531 μέν
1205 4469 1259 4517 τις
1280 4452 1468 4531 τῶννὲων,

277 4549 447 4636 ἐπίχαρις
481 4553 640 4636 κληθείς
677 4549 821 4616 ἐπαινε-
920 4549 1469 4638 ἀτισιμὸςὲπίχαριςποιράσοό
