<?xml version="1.0" encoding="UTF-8"?>
<!DOCTYPE html PUBLIC "-//W3C//DTD XHTML 1.0 Transitional//EN"
    "http://www.w3.org/TR/xhtml1/DTD/xhtml1-transitional.dtd">
<html xmlns="http://www.w3.org/1999/xhtml" xml:lang="en" lang="en">
 <head>
  <title>
</title>
<meta http-equiv="Content-Type" content="text/html;charset=utf-8" />
  <meta name='ocr-system' content='tesseract 3.04.00' />
  <meta name='ocr-capabilities' content='ocr_page ocr_carea ocr_par ocr_line ocrx_word'/>
</head>
<body>
  <div class='ocr_page' id='page_1' title='image "./dearistaenetiep00pietgoog_0028.png"; bbox 0 0 3020 5104; ppageno 0'>
   <div class='ocr_carea' id='block_1_1' title="bbox 565 349 778 356">
    <p class='ocr_par' dir='ltr' id='par_1_1' title="bbox 565 349 778 356">
     <span class='ocr_line' id='line_1_1' title="bbox 565 349 778 356; baseline -0.005 0"><span class='ocrx_word' id='word_1_1' title='bbox 565 349 778 356; x_wconf 77' lang='lat'>——-</span> 
     </span>
    </p>
   </div>
   <div class='ocr_carea' id='block_1_2' title="bbox 254 452 444 520">
    <p class='ocr_par' dir='ltr' id='par_1_2' title="bbox 254 452 444 520">
     <span class='ocr_line' id='line_1_2' title="bbox 254 452 444 520; baseline 0.011 -2"><span class='ocrx_word' id='word_1_2' title='bbox 254 452 444 520; x_wconf 84' lang='lat' dir='ltr'><strong>Platonis:</strong></span> 
     </span>
    </p>
   </div>
   <div class='ocr_carea' id='block_1_3' title="bbox 864 455 1120 521">
    <p class='ocr_par' dir='ltr' id='par_1_3' title="bbox 864 455 1120 521">
     <span class='ocr_line' id='line_1_3' title="bbox 864 455 1120 521; baseline -0.004 -4"><span class='ocrx_word' id='word_1_3' title='bbox 864 455 1120 521; x_wconf 79' lang='lat' dir='ltr'><strong>Aristaeneti:</strong></span> 
     </span>
    </p>
   </div>
   <div class='ocr_carea' id='block_1_4' title="bbox 42 592 1285 684">
    <p class='ocr_par' dir='ltr' id='par_1_4' title="bbox 42 592 1285 684">
     <span class='ocr_line' id='line_1_4' title="bbox 42 592 1285 684; baseline 0 -21"><span class='ocrx_word' id='word_1_4' title='bbox 42 600 124 664; x_wconf 82' lang='lat'>240</span> <span class='ocrx_word' id='word_1_5' title='bbox 137 598 182 661; x_wconf 90' lang='lat' dir='ltr'>D:</span> <span class='ocrx_word' id='word_1_6' title='bbox 205 609 248 681; x_wconf 81' lang='grc' dir='ltr'>τῷ</span> <span class='ocrx_word' id='word_1_7' title='bbox 271 598 302 661; x_wconf 83' lang='grc' dir='ltr'>δὲ</span> <span class='ocrx_word' id='word_1_8' title='bbox 325 598 362 683; x_wconf 85' lang='grc' dir='ltr'>δὴ</span> <span class='ocrx_word' id='word_1_9' title='bbox 391 595 531 684; x_wconf 71' lang='grc' dir='ltr'>ἐρωμένῳ</span> <span class='ocrx_word' id='word_1_10' title='bbox 559 606 643 662; x_wconf 88' lang='grc' dir='ltr'>ποῖον</span> <span class='ocrx_word' id='word_1_11' title='bbox 697 598 724 663; x_wconf 94' lang='grc' dir='ltr'>Ι.</span> <span class='ocrx_word' id='word_1_12' title='bbox 741 599 798 664; x_wconf 81' lang='grc' dir='ltr'>18τ</span> <span class='ocrx_word' id='word_1_13' title='bbox 830 592 888 682; x_wconf 85' lang='grc' dir='ltr'>οῦχ</span> <span class='ocrx_word' id='word_1_14' title='bbox 919 595 1020 662; x_wconf 81' lang='grc' dir='ltr'>ἰκανὸν</span> <span class='ocrx_word' id='word_1_15' title='bbox 1052 607 1148 662; x_wconf 87' lang='grc' dir='ltr'>ταῦτα</span> <span class='ocrx_word' id='word_1_16' title='bbox 1173 619 1285 682; x_wconf 90' lang='grc' dir='ltr'>παρα·</span> 
     </span>
    </p>
   </div>
   <div class='ocr_carea' id='block_1_5' title="bbox 99 700 645 1843">
    <p class='ocr_par' dir='ltr' id='par_1_5' title="bbox 99 700 645 1843">
     <span class='ocr_line' id='line_1_5' title="bbox 101 700 644 791; baseline 0 -24"><span class='ocrx_word' id='word_1_17' title='bbox 101 707 331 791; x_wconf 86' lang='grc' dir='ltr'>παραμῦθιον</span> <span class='ocrx_word' id='word_1_18' title='bbox 363 700 383 788; x_wconf 84' lang='grc' dir='ltr'>ἢ</span> <span class='ocrx_word' id='word_1_19' title='bbox 421 708 503 776; x_wconf 90' lang='grc' dir='ltr'>τίνας</span> <span class='ocrx_word' id='word_1_20' title='bbox 535 700 644 789; x_wconf 74' lang='grc' dir='ltr'>ἡδονὰς</span> 
     </span>
     <span class='ocr_line' id='line_1_6' title="bbox 100 809 645 898; baseline 0.004 -24"><span class='ocrx_word' id='word_1_21' title='bbox 100 811 201 882; x_wconf 86' lang='grc' dir='ltr'>διδοὺς</span> <span class='ocrx_word' id='word_1_22' title='bbox 232 815 346 896; x_wconf 83' lang='grc' dir='ltr'>ποιησει</span> <span class='ocrx_word' id='word_1_23' title='bbox 368 815 421 875; x_wconf 87' lang='grc' dir='ltr'>τδν</span> <span class='ocrx_word' id='word_1_24' title='bbox 442 809 507 875; x_wconf 80' lang='grc' dir='ltr'>ἰ’σσν</span> <span class='ocrx_word' id='word_1_25' title='bbox 535 816 645 898; x_wconf 86' lang='grc' dir='ltr'>χρόνον</span> 
     </span>
     <span class='ocr_line' id='line_1_7' title="bbox 100 913 643 1007; baseline 0.006 -27"><span class='ocrx_word' id='word_1_26' title='bbox 100 923 228 982; x_wconf 79' lang='grc' dir='ltr'>συνόντα</span> <span class='ocrx_word' id='word_1_27' title='bbox 252 920 298 1005; x_wconf 82' lang='grc' dir='ltr'>μὴ</span> <span class='ocrx_word' id='word_1_28' title='bbox 318 913 401 1007; x_wconf 85' lang='grc' dir='ltr'>υῦχί</span> <span class='ocrx_word' id='word_1_29' title='bbox 419 914 470 981; x_wconf 81' lang='grc' dir='ltr'>ἐπ’</span> <span class='ocrx_word' id='word_1_30' title='bbox 490 916 643 1004; x_wconf 79' lang='grc' dir='ltr'>ἔσχατον</span> 
     </span>
     <span class='ocr_line' id='line_1_8' title="bbox 101 1021 644 1110; baseline 0.004 -22"><span class='ocrx_word' id='word_1_31' title='bbox 101 1024 224 1089; x_wconf 79' lang='grc' dir='ltr'>ἐλθεῖν</span> <span class='ocrx_word' id='word_1_32' title='bbox 254 1022 398 1108; x_wconf 88' lang='grc' dir='ltr'>ἀηδίας,</span> <span class='ocrx_word' id='word_1_33' title='bbox 431 1021 555 1108; x_wconf 81' lang='grc' dir='ltr'>δρῶντι</span> <span class='ocrx_word' id='word_1_34' title='bbox 583 1029 644 1110; x_wconf 80' lang='grc' dir='ltr'>μὲν</span> 
     </span>
     <span class='ocr_line' id='line_1_9' title="bbox 100 1128 643 1222; baseline 0.002 -28"><span class='ocrx_word' id='word_1_35' title='bbox 100 1129 180 1216; x_wconf 82' lang='grc' dir='ltr'>ὄψιν</span> <span class='ocrx_word' id='word_1_36' title='bbox 195 1128 643 1222; x_wconf 12' lang='grc' dir='ltr'>πρμεσβυτὲρανκαίοῦκὲν</span> 
     </span>
     <span class='ocr_line' id='line_1_10' title="bbox 99 1234 645 1325; baseline 0.005 -26"><span class='ocrx_word' id='word_1_37' title='bbox 99 1235 184 1321; x_wconf 74' lang='grc' dir='ltr'>ἀρα,</span> <span class='ocrx_word' id='word_1_38' title='bbox 201 1234 380 1325; x_wconf 77' lang='grc' dir='ltr'>ἑπομένων</span> <span class='ocrx_word' id='word_1_39' title='bbox 395 1239 430 1301; x_wconf 84' lang='grc' dir='ltr'>δὲ</span> <span class='ocrx_word' id='word_1_40' title='bbox 444 1249 509 1303; x_wconf 83' lang='grc' dir='ltr'>τῶν</span> <span class='ocrx_word' id='word_1_41' title='bbox 525 1237 645 1304; x_wconf 83' lang='grc' dir='ltr'>ἀλλων</span> 
     </span>
     <span class='ocr_line' id='line_1_11' title="bbox 100 1343 644 1430; baseline -0.002 -22"><span class='ocrx_word' id='word_1_42' title='bbox 100 1347 227 1427; x_wconf 84' lang='grc' dir='ltr'>ταῦτη,</span> <span class='ocrx_word' id='word_1_43' title='bbox 270 1344 289 1406; x_wconf 82' lang='grc' dir='ltr'>ἀ</span> <span class='ocrx_word' id='word_1_44' title='bbox 325 1347 386 1406; x_wconf 87' lang='grc' dir='ltr'>καὶ</span> <span class='ocrx_word' id='word_1_45' title='bbox 418 1348 513 1430; x_wconf 82' lang='grc' dir='ltr'>λόγῳ</span> <span class='ocrx_word' id='word_1_46' title='bbox 551 1343 644 1409; x_wconf 83' lang='grc' dir='ltr'>ἐστίν</span> 
     </span>
     <span class='ocr_line' id='line_1_12' title="bbox 100 1447 643 1539; baseline 0.006 -26"><span class='ocrx_word' id='word_1_47' title='bbox 100 1449 248 1516; x_wconf 83' lang='grc' dir='ltr'>ἀκοῦειν</span> <span class='ocrx_word' id='word_1_48' title='bbox 271 1447 334 1514; x_wconf 83' lang='grc' dir='ltr'>οῦκ</span> <span class='ocrx_word' id='word_1_49' title='bbox 366 1449 562 1536; x_wconf 78' lang='grc' dir='ltr'>ἐπιτερπές,</span> <span class='ocrx_word' id='word_1_50' title='bbox 597 1455 643 1539; x_wconf 81' lang='grc' dir='ltr'>μη</span> 
     </span>
     <span class='ocr_line' id='line_1_13' title="bbox 99 1555 645 1644; baseline -0.002 -23"><span class='ocrx_word' id='word_1_51' title='bbox 99 1555 157 1622; x_wconf 80' lang='grc' dir='ltr'>ὅτι</span> <span class='ocrx_word' id='word_1_52' title='bbox 186 1559 227 1644; x_wconf 79' lang='grc' dir='ltr'>δὴ</span> <span class='ocrx_word' id='word_1_53' title='bbox 259 1555 351 1642; x_wconf 79' lang='grc' dir='ltr'>ἔργῳ</span> <span class='ocrx_word' id='word_1_54' title='bbox 388 1558 552 1643; x_wconf 90' lang='grc' dir='ltr'>ἀνάγκης</span> <span class='ocrx_word' id='word_1_55' title='bbox 589 1557 645 1622; x_wconf 84' lang='grc' dir='ltr'>ἀεὶ</span> 
     </span>
     <span class='ocr_line' id='line_1_14' title="bbox 99 1669 644 1752; baseline 0.002 -25"><span class='ocrx_word' id='word_1_56' title='bbox 99 1669 366 1752; x_wconf 76' lang='grc' dir='ltr'>προσκειμένης</span> <span class='ocrx_word' id='word_1_57' title='bbox 436 1671 644 1752; x_wconf 83' lang='grc' dir='ltr'>μεταχειρί·</span> 
     </span>
     <span class='ocr_line' id='line_1_15' title="bbox 99 1773 238 1843; baseline 0.014 -9"><span class='ocrx_word' id='word_1_58' title='bbox 99 1773 238 1843; x_wconf 74' lang='grc' dir='ltr'>ζεσθαυ</span> 
     </span>
    </p>
   </div>
   <div class='ocr_carea' id='block_1_6' title="bbox 46 1911 646 2108">
    <p class='ocr_par' dir='ltr' id='par_1_6' title="bbox 46 1911 646 2108">
     <span class='ocr_line' id='line_1_16' title="bbox 46 1911 646 1999; baseline -0.003 -21"><span class='ocrx_word' id='word_1_59' title='bbox 46 1917 118 1978; x_wconf 78' lang='lat'>241</span> <span class='ocrx_word' id='word_1_60' title='bbox 137 1914 183 1980; x_wconf 85' lang='lat' dir='ltr'>D:</span> <span class='ocrx_word' id='word_1_61' title='bbox 203 1911 249 1984; x_wconf 85' lang='grc' dir='ltr'>ὡς</span> <span class='ocrx_word' id='word_1_62' title='bbox 269 1916 370 1978; x_wconf 86' lang='grc' dir='ltr'>λῦκοι</span> <span class='ocrx_word' id='word_1_63' title='bbox 388 1911 462 1999; x_wconf 83' lang='grc' dir='ltr'>ἄρν’</span> <span class='ocrx_word' id='word_1_64' title='bbox 483 1913 646 1996; x_wconf 78' lang='grc' dir='ltr'>ἀγαπῶσι</span> 
     </span>
     <span class='ocr_line' id='line_1_17' title="bbox 99 2018 643 2108; baseline 0.006 -26"><span class='ocrx_word' id='word_1_65' title='bbox 99 2018 151 2091; x_wconf 82' lang='grc' dir='ltr'>ὡς</span> <span class='ocrx_word' id='word_1_66' title='bbox 166 2021 276 2084; x_wconf 85' lang='grc' dir='ltr'>παῖδα</span> <span class='ocrx_word' id='word_1_67' title='bbox 299 2022 465 2108; x_wconf 75' lang='grc' dir='ltr'>φιλοῦσιν</span> <span class='ocrx_word' id='word_1_68' title='bbox 485 2019 643 2106; x_wconf 83' lang='grc' dir='ltr'>ἐρασταί.</span> 
     </span>
    </p>
   </div>
   <div class='ocr_carea' id='block_1_7' title="bbox 743 703 1285 790">
    <p class='ocr_par' dir='ltr' id='par_1_7' title="bbox 743 703 1285 790">
     <span class='ocr_line' id='line_1_18' title="bbox 743 703 1285 790; baseline 0.002 -24"><span class='ocrx_word' id='word_1_69' title='bbox 743 705 871 790; x_wconf 87' lang='grc' dir='ltr'>μῦθισν</span> <span class='ocrx_word' id='word_1_70' title='bbox 885 703 990 788; x_wconf 83' lang='grc' dir='ltr'>κρίνεις</span> <span class='ocrx_word' id='word_1_71' title='bbox 1002 708 1076 788; x_wconf 83' lang='grc' dir='ltr'>πρὸς</span> <span class='ocrx_word' id='word_1_72' title='bbox 1091 703 1285 790; x_wconf 78' lang='grc' dir='ltr'>ἀναφρόδιτον</span> 
     </span>
    </p>
   </div>
   <div class='ocr_carea' id='block_1_8' title="bbox 726 807 1286 1004">
    <p class='ocr_par' dir='ltr' id='par_1_8' title="bbox 726 807 1286 1004">
     <span class='ocr_line' id='line_1_19' title="bbox 726 807 1286 908; baseline 0.002 -35"><span class='ocrx_word' id='word_1_73' title='bbox 726 812 849 908; x_wconf 43' lang='grc' dir='ltr'>Ι,τιολιάν</span> <span class='ocrx_word' id='word_1_74' title='bbox 884 814 925 896; x_wconf 83' lang='grc' dir='ltr'>μὴ</span> <span class='ocrx_word' id='word_1_75' title='bbox 950 807 1019 894; x_wconf 81' lang='grc' dir='ltr'>οῦχί</span> <span class='ocrx_word' id='word_1_76' title='bbox 1047 809 1101 886; x_wconf 85' lang='grc' dir='ltr'>Ιἐπ’</span> <span class='ocrx_word' id='word_1_77' title='bbox 1131 813 1286 898; x_wconf 73' lang='grc' dir='ltr'>ἔσχατον</span> 
     </span>
     <span class='ocr_line' id='line_1_20' title="bbox 731 915 1286 1004; baseline 0 -24"><span class='ocrx_word' id='word_1_78' title='bbox 731 917 862 990; x_wconf 49' lang='grc' dir='ltr'>Ἰἐλθεῖν</span> <span class='ocrx_word' id='word_1_79' title='bbox 886 941 924 981; x_wconf 86' lang='grc' dir='ltr'>σε</span> <span class='ocrx_word' id='word_1_80' title='bbox 944 929 1007 1004; x_wconf 86' lang='grc' dir='ltr'>της</span> <span class='ocrx_word' id='word_1_81' title='bbox 1026 917 1170 1004; x_wconf 82' lang='grc' dir='ltr'>ἀηδίας,</span> <span class='ocrx_word' id='word_1_82' title='bbox 1194 915 1286 1002; x_wconf 80' lang='grc' dir='ltr'>ὁρῶ-</span> 
     </span>
    </p>
   </div>
   <div class='ocr_carea' id='block_1_9' title="bbox 741 1023 1288 1752">
    <p class='ocr_par' dir='ltr' id='par_1_9' title="bbox 741 1023 1288 1752">
     <span class='ocr_line' id='line_1_21' title="bbox 743 1023 1284 1111; baseline 0.004 -24"><span class='ocrx_word' id='word_1_83' title='bbox 743 1046 807 1088; x_wconf 91' lang='grc' dir='ltr'>σαν</span> <span class='ocrx_word' id='word_1_84' title='bbox 840 1028 899 1111; x_wconf 87' lang='grc' dir='ltr'>μὲν</span> <span class='ocrx_word' id='word_1_85' title='bbox 933 1023 1011 1110; x_wconf 78' lang='grc' dir='ltr'>ὄψιν</span> <span class='ocrx_word' id='word_1_86' title='bbox 1044 1025 1284 1110; x_wconf 78' lang='grc' dir='ltr'>πρεσβυτέραν</span> 
     </span>
     <span class='ocr_line' id='line_1_22' title="bbox 741 1127 1282 1218; baseline 0.006 -24"><span class='ocrx_word' id='word_1_87' title='bbox 741 1135 803 1196; x_wconf 82' lang='grc' dir='ltr'>καί</span> <span class='ocrx_word' id='word_1_88' title='bbox 827 1127 891 1196; x_wconf 84' lang='grc' dir='ltr'>οῦκ</span> <span class='ocrx_word' id='word_1_89' title='bbox 918 1129 954 1196; x_wconf 80' lang='grc' dir='ltr'>ἐν</span> <span class='ocrx_word' id='word_1_90' title='bbox 976 1128 1064 1215; x_wconf 78' lang='grc' dir='ltr'>ὥρῳ,</span> <span class='ocrx_word' id='word_1_91' title='bbox 1099 1129 1282 1218; x_wconf 77' lang='grc' dir='ltr'>ἑπομένων</span> 
     </span>
     <span class='ocr_line' id='line_1_23' title="bbox 743 1236 1286 1323; baseline -0.002 -21"><span class='ocrx_word' id='word_1_92' title='bbox 743 1239 778 1302; x_wconf 86' lang='grc' dir='ltr'>δὲ</span> <span class='ocrx_word' id='word_1_93' title='bbox 801 1249 865 1302; x_wconf 83' lang='grc' dir='ltr'>τῶν</span> <span class='ocrx_word' id='word_1_94' title='bbox 889 1236 1006 1302; x_wconf 81' lang='grc' dir='ltr'>ἄλλων</span> <span class='ocrx_word' id='word_1_95' title='bbox 1031 1243 1157 1323; x_wconf 89' lang='grc' dir='ltr'>ταῦτη,</span> <span class='ocrx_word' id='word_1_96' title='bbox 1182 1240 1202 1301; x_wconf 86' lang='grc' dir='ltr'><strong>ἃ</strong></span> <span class='ocrx_word' id='word_1_97' title='bbox 1224 1242 1286 1304; x_wconf 89' lang='grc' dir='ltr'>καί</span> 
     </span>
     <span class='ocr_line' id='line_1_24' title="bbox 743 1341 1287 1430; baseline 0.004 -22"><span class='ocrx_word' id='word_1_98' title='bbox 743 1347 867 1430; x_wconf 76' lang='grc' dir='ltr'>λόγοις</span> <span class='ocrx_word' id='word_1_99' title='bbox 914 1343 1060 1410; x_wconf 86' lang='grc' dir='ltr'>ἀκοῦειν</span> <span class='ocrx_word' id='word_1_100' title='bbox 1107 1341 1170 1410; x_wconf 85' lang='grc' dir='ltr'>οῦκ</span> <span class='ocrx_word' id='word_1_101' title='bbox 1209 1343 1287 1410; x_wconf 80' lang='grc' dir='ltr'>ἐπι-</span> 
     </span>
     <span class='ocr_line' id='line_1_25' title="bbox 743 1449 1286 1538; baseline 0.004 -23"><span class='ocrx_word' id='word_1_102' title='bbox 743 1450 884 1536; x_wconf 78' lang='grc' dir='ltr'>τερπὲς,</span> <span class='ocrx_word' id='word_1_103' title='bbox 920 1455 966 1538; x_wconf 80' lang='grc' dir='ltr'>μὴ</span> <span class='ocrx_word' id='word_1_104' title='bbox 1001 1449 1055 1517; x_wconf 81' lang='grc' dir='ltr'>δτι</span> <span class='ocrx_word' id='word_1_105' title='bbox 1093 1449 1139 1516; x_wconf 86' lang='grc' dir='ltr'>δι’</span> <span class='ocrx_word' id='word_1_106' title='bbox 1177 1449 1286 1538; x_wconf 84' lang='grc' dir='ltr'>ἐ’ργων</span> 
     </span>
     <span class='ocr_line' id='line_1_26' title="bbox 743 1556 1288 1646; baseline 0.009 -25"><span class='ocrx_word' id='word_1_107' title='bbox 743 1556 905 1644; x_wconf 85' lang='grc' dir='ltr'>ἀνάγκης</span> <span class='ocrx_word' id='word_1_108' title='bbox 938 1557 994 1622; x_wconf 84' lang='grc' dir='ltr'>ἀεὶ</span> <span class='ocrx_word' id='word_1_109' title='bbox 1026 1559 1288 1646; x_wconf 79' lang='grc' dir='ltr'>προσκειμένης</span> 
     </span>
     <span class='ocr_line' id='line_1_27' title="bbox 744 1665 1078 1752; baseline 0.006 -24"><span class='ocrx_word' id='word_1_110' title='bbox 744 1665 1078 1752; x_wconf 71' lang='grc' dir='ltr'>μεταχειρίζεσθαι</span> 
     </span>
    </p>
   </div>
   <div class='ocr_carea' id='block_1_10' title="bbox 698 1887 1286 1998">
    <p class='ocr_par' dir='ltr' id='par_1_10' title="bbox 698 1887 1286 1998">
     <span class='ocr_line' id='line_1_28' title="bbox 698 1887 1286 1998; baseline 0.003 -20"><span class='ocrx_word' id='word_1_111' title='bbox 698 1915 738 1979; x_wconf 90' lang='grc' dir='ltr'>ΙΙ.</span> <span class='ocrx_word' id='word_1_112' title='bbox 761 1917 819 1981; x_wconf 82' lang='lat'>20:</span> <span class='ocrx_word' id='word_1_113' title='bbox 867 1913 914 1985; x_wconf 83' lang='grc' dir='ltr'>ὡς</span> <span class='ocrx_word' id='word_1_114' title='bbox 955 1916 1020 1998; x_wconf 83' lang='grc' dir='ltr'>γάρ</span> <span class='ocrx_word' id='word_1_115' title='bbox 1061 1887 1164 1980; x_wconf 88' lang='grc' dir='ltr'>λῦκοι</span> <span class='ocrx_word' id='word_1_116' title='bbox 1206 1919 1286 1988; x_wconf 85' lang='grc' dir='ltr'>τοῦς</span> 
     </span>
    </p>
   </div>
   <div class='ocr_carea' id='block_1_11' title="bbox 743 2019 1286 2105">
    <p class='ocr_par' dir='ltr' id='par_1_11' title="bbox 743 2019 1286 2105">
     <span class='ocr_line' id='line_1_29' title="bbox 743 2019 1286 2105; baseline 0.004 -21"><span class='ocrx_word' id='word_1_117' title='bbox 743 2020 855 2105; x_wconf 83' lang='grc' dir='ltr'>ἄρνας</span> <span class='ocrx_word' id='word_1_118' title='bbox 888 2019 1085 2101; x_wconf 81' lang='grc' dir='ltr'>ἀγαπῶσιν,</span> <span class='ocrx_word' id='word_1_119' title='bbox 1120 2019 1211 2088; x_wconf 71' lang='grc' dir='ltr'>οὕτω</span> <span class='ocrx_word' id='word_1_120' title='bbox 1243 2027 1286 2086; x_wconf 85' lang='grc' dir='ltr'>τά</span> 
     </span>
    </p>
   </div>
   <div class='ocr_carea' id='block_1_12' title="bbox 643 2126 1223 2208">
    <p class='ocr_par' dir='ltr' id='par_1_12' title="bbox 643 2126 1223 2208">
     <span class='ocr_line' id='line_1_30' title="bbox 643 2126 1223 2208; baseline 0.003 -16"><span class='ocrx_word' id='word_1_121' title='bbox 643 2159 650 2176; x_wconf 92' lang='grc'><em>·</em></span> <span class='ocrx_word' id='word_1_122' title='bbox 743 2131 869 2208; x_wconf 87' lang='grc' dir='ltr'>γῦναια</span> <span class='ocrx_word' id='word_1_123' title='bbox 893 2133 1066 2193; x_wconf 81' lang='grc' dir='ltr'>ποθοῦσιν</span> <span class='ocrx_word' id='word_1_124' title='bbox 1091 2126 1122 2194; x_wconf 83' lang='grc' dir='ltr'>οἱ</span> <span class='ocrx_word' id='word_1_125' title='bbox 1144 2129 1223 2195; x_wconf 76' lang='grc' dir='ltr'>νέοι.</span> 
     </span>
    </p>
   </div>
   <div class='ocr_carea' id='block_1_13' title="bbox 46 2239 646 2462">
    <p class='ocr_par' dir='ltr' id='par_1_13' title="bbox 46 2239 646 2462">
     <span class='ocr_line' id='line_1_31' title="bbox 46 2239 644 2354; baseline 0 -20"><span class='ocrx_word' id='word_1_126' title='bbox 46 2267 179 2335; x_wconf 78' lang='lat'>25113:</span> <span class='ocrx_word' id='word_1_127' title='bbox 228 2239 435 2354; x_wconf 74' lang='grc' dir='ltr'>δεξάμενος</span> <span class='ocrx_word' id='word_1_128' title='bbox 473 2273 539 2353; x_wconf 85' lang='grc' dir='ltr'>γάρ</span> <span class='ocrx_word' id='word_1_129' title='bbox 585 2279 644 2334; x_wconf 88' lang='grc' dir='ltr'>τοῦ</span> 
     </span>
     <span class='ocr_line' id='line_1_32' title="bbox 99 2374 646 2462; baseline 0.005 -25"><span class='ocrx_word' id='word_1_130' title='bbox 99 2378 264 2448; x_wconf 88' lang='grc' dir='ltr'>κάλλους</span> <span class='ocrx_word' id='word_1_131' title='bbox 287 2379 352 2462; x_wconf 81' lang='grc' dir='ltr'>την</span> <span class='ocrx_word' id='word_1_132' title='bbox 382 2374 565 2462; x_wconf 80' lang='grc' dir='ltr'>ἀπορροὴν</span> <span class='ocrx_word' id='word_1_133' title='bbox 588 2378 646 2441; x_wconf 87' lang='grc' dir='ltr'>διὰ</span> 
     </span>
    </p>
   </div>
   <div class='ocr_carea' id='block_1_14' title="bbox 98 2479 657 2569">
    <p class='ocr_par' dir='ltr' id='par_1_14' title="bbox 98 2479 657 2569">
     <span class='ocr_line' id='line_1_33' title="bbox 98 2479 657 2569; baseline 0.007 -25"><span class='ocrx_word' id='word_1_134' title='bbox 98 2493 167 2547; x_wconf 83' lang='grc' dir='ltr'>τῶν</span> <span class='ocrx_word' id='word_1_135' title='bbox 208 2479 381 2569; x_wconf 87' lang='grc' dir='ltr'>ὀμμάτων</span> <span class='ocrx_word' id='word_1_136' title='bbox 419 2481 657 2569; x_wconf 78' lang='grc' dir='ltr'>ἐθερμάνθη.Ι</span> 
     </span>
    </p>
   </div>
   <div class='ocr_carea' id='block_1_15' title="bbox 698 2270 1284 2358">
    <p class='ocr_par' dir='ltr' id='par_1_15' title="bbox 698 2270 1284 2358">
     <span class='ocr_line' id='line_1_34' title="bbox 698 2270 1284 2358; baseline 0.005 -25"><span class='ocrx_word' id='word_1_137' title='bbox 698 2270 822 2348; x_wconf 49' lang='lat'>11.,18:</span> <span class='ocrx_word' id='word_1_138' title='bbox 871 2270 1064 2358; x_wconf 75' lang='grc' dir='ltr'>δεξάμενος</span> <span class='ocrx_word' id='word_1_139' title='bbox 1110 2275 1175 2356; x_wconf 84' lang='grc' dir='ltr'>γὰρ</span> <span class='ocrx_word' id='word_1_140' title='bbox 1222 2282 1284 2336; x_wconf 88' lang='grc' dir='ltr'>τοῦ</span> 
     </span>
    </p>
   </div>
   <div class='ocr_carea' id='block_1_16' title="bbox 743 2376 1285 2571">
    <p class='ocr_par' dir='ltr' id='par_1_16' title="bbox 743 2376 1285 2571">
     <span class='ocr_line' id='line_1_35' title="bbox 743 2376 1285 2466; baseline -0.002 -24"><span class='ocrx_word' id='word_1_141' title='bbox 743 2381 907 2450; x_wconf 87' lang='grc' dir='ltr'>κάλλους</span> <span class='ocrx_word' id='word_1_142' title='bbox 939 2381 1001 2463; x_wconf 82' lang='grc' dir='ltr'>την</span> <span class='ocrx_word' id='word_1_143' title='bbox 1026 2376 1206 2466; x_wconf 79' lang='grc' dir='ltr'>ἀπορροὴν</span> <span class='ocrx_word' id='word_1_144' title='bbox 1229 2380 1285 2442; x_wconf 81' lang='grc' dir='ltr'>διὰ</span> 
     </span>
     <span class='ocr_line' id='line_1_36' title="bbox 744 2482 1281 2571; baseline 0 -23"><span class='ocrx_word' id='word_1_145' title='bbox 744 2491 815 2549; x_wconf 81' lang='grc' dir='ltr'>τῶν</span> <span class='ocrx_word' id='word_1_146' title='bbox 830 2482 997 2571; x_wconf 86' lang='grc' dir='ltr'>ὀμμάτων</span> <span class='ocrx_word' id='word_1_147' title='bbox 1018 2485 1281 2571; x_wconf 86' lang='grc' dir='ltr'>διεθερμάνθη.</span> 
     </span>
    </p>
   </div>
   <div class='ocr_carea' id='block_1_17' title="bbox 45 2622 1285 2712">
    <p class='ocr_par' dir='ltr' id='par_1_17' title="bbox 45 2622 1285 2712">
     <span class='ocr_line' id='line_1_37' title="bbox 45 2622 1285 2712; baseline 0.003 -24"><span class='ocrx_word' id='word_1_148' title='bbox 45 2627 119 2691; x_wconf 77' lang='lat'>257</span> <span class='ocrx_word' id='word_1_149' title='bbox 137 2623 179 2692; x_wconf 86' lang='lat' dir='ltr'>A:</span> <span class='ocrx_word' id='word_1_150' title='bbox 218 2622 313 2689; x_wconf 83' lang='grc' dir='ltr'>ἀλλὰ</span> <span class='ocrx_word' id='word_1_151' title='bbox 344 2631 422 2688; x_wconf 71' lang='grc' dir='ltr'>τῶν</span> <span class='ocrx_word' id='word_1_152' title='bbox 463 2629 644 2709; x_wconf 78' lang='grc' dir='ltr'>προτέρων</span> <span class='ocrx_word' id='word_1_153' title='bbox 699 2625 789 2692; x_wconf 88' lang='lat'>11.1:</span> <span class='ocrx_word' id='word_1_154' title='bbox 824 2625 918 2690; x_wconf 87' lang='grc' dir='ltr'>ἀλλὰ</span> <span class='ocrx_word' id='word_1_155' title='bbox 949 2638 1013 2690; x_wconf 86' lang='grc' dir='ltr'>τιῦν</span> <span class='ocrx_word' id='word_1_156' title='bbox 1046 2633 1224 2712; x_wconf 78' lang='grc' dir='ltr'>προτέρων</span> <span class='ocrx_word' id='word_1_157' title='bbox 1248 2649 1285 2692; x_wconf 87' lang='grc' dir='ltr'>τε</span> 
     </span>
    </p>
   </div>
   <div class='ocr_carea' id='block_1_18' title="bbox 65 2733 645 3017">
    <p class='ocr_par' dir='ltr' id='par_1_18' title="bbox 65 2733 645 3017">
     <span class='ocr_line' id='line_1_38' title="bbox 65 2733 644 2816; baseline 0.003 -22"><span class='ocrx_word' id='word_1_158' title='bbox 65 2751 138 2803; x_wconf 83' lang='grc' dir='ltr'>,τε</span> <span class='ocrx_word' id='word_1_159' title='bbox 181 2736 395 2816; x_wconf 79' lang='grc' dir='ltr'>συγγνώμην</span> <span class='ocrx_word' id='word_1_160' title='bbox 432 2736 495 2794; x_wconf 88' lang='grc' dir='ltr'>καί</span> <span class='ocrx_word' id='word_1_161' title='bbox 535 2733 644 2796; x_wconf 87' lang='grc' dir='ltr'>τῦνδε</span> 
     </span>
     <span class='ocr_line' id='line_1_39' title="bbox 98 2834 645 2925; baseline 0.005 -25"><span class='ocrx_word' id='word_1_162' title='bbox 98 2841 204 2923; x_wconf 81' lang='grc' dir='ltr'>χάριν</span> <span class='ocrx_word' id='word_1_163' title='bbox 249 2835 341 2923; x_wconf 77' lang='grc' dir='ltr'>ἔχων</span> <span class='ocrx_word' id='word_1_164' title='bbox 397 2834 547 2925; x_wconf 83' lang='grc' dir='ltr'>εῦμενης</span> <span class='ocrx_word' id='word_1_165' title='bbox 591 2842 645 2904; x_wconf 84' lang='grc' dir='ltr'>καί</span> 
     </span>
     <span class='ocr_line' id='line_1_40' title="bbox 95 2942 218 3017; baseline 0.008 -10"><span class='ocrx_word' id='word_1_166' title='bbox 95 2942 218 3017; x_wconf 76' lang='grc' dir='ltr'>ἵλεως.</span> 
     </span>
    </p>
   </div>
   <div class='ocr_carea' id='block_1_19' title="bbox 740 2736 1284 3032">
    <p class='ocr_par' dir='ltr' id='par_1_19' title="bbox 740 2736 1284 3032">
     <span class='ocr_line' id='line_1_41' title="bbox 744 2736 1284 2820; baseline 0.002 -23"><span class='ocrx_word' id='word_1_167' title='bbox 744 2738 958 2820; x_wconf 84' lang='grc' dir='ltr'>συγγνώμην</span> <span class='ocrx_word' id='word_1_168' title='bbox 973 2738 1034 2798; x_wconf 87' lang='grc' dir='ltr'>καὶ</span> <span class='ocrx_word' id='word_1_169' title='bbox 1053 2736 1162 2799; x_wconf 86' lang='grc' dir='ltr'>τιῦνδε</span> <span class='ocrx_word' id='word_1_170' title='bbox 1181 2741 1284 2820; x_wconf 86' lang='grc' dir='ltr'>χάριν</span> 
     </span>
     <span class='ocr_line' id='line_1_42' title="bbox 744 2837 1284 2927; baseline 0.004 -23"><span class='ocrx_word' id='word_1_171' title='bbox 744 2837 1042 2927; x_wconf 81' lang='grc' dir='ltr'>ἔχουσαεῦμενης</span> <span class='ocrx_word' id='word_1_172' title='bbox 1056 2846 1145 2921; x_wconf 84' lang='grc' dir='ltr'>τόγε</span> <span class='ocrx_word' id='word_1_173' title='bbox 1159 2843 1284 2906; x_wconf 87' lang='grc' dir='ltr'>λοιπὸν</span> 
     </span>
     <span class='ocr_line' id='line_1_43' title="bbox 740 2945 823 3032; baseline 0.06 -23"><span class='ocrx_word' id='word_1_174' title='bbox 740 2945 823 3032; x_wconf 78' lang='grc' dir='ltr'>εἴης.</span> 
     </span>
    </p>
   </div>
   <div class='ocr_carea' id='block_1_20' title="bbox 521 3105 825 3191">
    <p class='ocr_par' dir='ltr' id='par_1_20' title="bbox 521 3105 825 3191">
     <span class='ocr_line' id='line_1_44' title="bbox 521 3105 825 3191; baseline 0.003 -1"><span class='ocrx_word' id='word_1_175' title='bbox 521 3127 549 3190; x_wconf 83' lang='grc'>7.</span> <span class='ocrx_word' id='word_1_176' title='bbox 574 3123 601 3188; x_wconf 85' lang='grc' dir='ltr'>Ε</span> <span class='ocrx_word' id='word_1_177' title='bbox 625 3105 825 3191; x_wconf 71' lang='grc' dir='ltr'>δυυνίνίο.</span> 
     </span>
    </p>
   </div>
   <div class='ocr_carea' id='block_1_21' title="bbox 47 3261 1283 3353">
    <p class='ocr_par' dir='ltr' id='par_1_21' title="bbox 47 3261 1283 3353">
     <span class='ocr_line' id='line_1_45' title="bbox 47 3261 1283 3353; baseline 0 -23"><span class='ocrx_word' id='word_1_178' title='bbox 47 3263 182 3330; x_wconf 66' lang='lat'>17713:</span> <span class='ocrx_word' id='word_1_179' title='bbox 233 3267 311 3348; x_wconf 80' lang='grc' dir='ltr'>περὶ</span> <span class='ocrx_word' id='word_1_180' title='bbox 359 3261 531 3330; x_wconf 84' lang='grc' dir='ltr'>Διόνυσον</span> <span class='ocrx_word' id='word_1_181' title='bbox 580 3270 642 3331; x_wconf 84' lang='grc' dir='ltr'>καί</span> <span class='ocrx_word' id='word_1_182' title='bbox 696 3267 770 3332; x_wconf 85' lang='lat'>1.3:</span> <span class='ocrx_word' id='word_1_183' title='bbox 793 3263 1200 3353; x_wconf 80' lang='grc' dir='ltr'>ἡμῖνάμ.φίΔιόνυσάντε</span> <span class='ocrx_word' id='word_1_184' title='bbox 1222 3271 1283 3330; x_wconf 86' lang='grc' dir='ltr'>καί</span> 
     </span>
    </p>
   </div>
   <div class='ocr_carea' id='block_1_22' title="bbox 96 3366 641 3563">
    <p class='ocr_par' dir='ltr' id='par_1_22' title="bbox 96 3366 641 3563">
     <span class='ocr_line' id='line_1_46' title="bbox 98 3366 641 3459; baseline 0.009 -27"><span class='ocrx_word' id='word_1_185' title='bbox 98 3366 320 3459; x_wconf 78' lang='grc' dir='ltr'>Ἂμροδίτην</span> <span class='ocrx_word' id='word_1_186' title='bbox 365 3382 459 3436; x_wconf 84' lang='grc' dir='ltr'>πᾶσα</span> <span class='ocrx_word' id='word_1_187' title='bbox 501 3369 521 3458; x_wconf 82' lang='grc' dir='ltr'>ἡ</span> <span class='ocrx_word' id='word_1_188' title='bbox 568 3375 641 3437; x_wconf 86' lang='grc' dir='ltr'>δια-</span> 
     </span>
     <span class='ocr_line' id='line_1_47' title="bbox 96 3479 209 3563; baseline 0.027 -4"><span class='ocrx_word' id='word_1_189' title='bbox 96 3479 209 3563; x_wconf 65' lang='grc' dir='ltr'>τριβή·</span> 
     </span>
    </p>
   </div>
   <div class='ocr_carea' id='block_1_23' title="bbox 739 3372 1284 3566">
    <p class='ocr_par' dir='ltr' id='par_1_23' title="bbox 739 3372 1284 3566">
     <span class='ocr_line' id='line_1_48' title="bbox 739 3372 1284 3461; baseline 0 -25"><span class='ocrx_word' id='word_1_190' title='bbox 739 3372 953 3461; x_wconf 76' lang='grc' dir='ltr'>Ἀφροδίτην</span> <span class='ocrx_word' id='word_1_191' title='bbox 999 3372 1019 3459; x_wconf 82' lang='grc' dir='ltr'>ἡ</span> <span class='ocrx_word' id='word_1_192' title='bbox 1064 3385 1161 3439; x_wconf 86' lang='grc' dir='ltr'>πᾶσα</span> <span class='ocrx_word' id='word_1_193' title='bbox 1205 3376 1284 3438; x_wconf 88' lang='grc' dir='ltr'>δια-</span> 
     </span>
     <span class='ocr_line' id='line_1_49' title="bbox 740 3483 850 3566; baseline 0.009 -2"><span class='ocrx_word' id='word_1_194' title='bbox 740 3483 850 3566; x_wconf 69' lang='grc' dir='ltr'>τοῑβῦ·</span> 
     </span>
    </p>
   </div>
   <div class='ocr_carea' id='block_1_24' title="bbox 48 3597 1282 3708">
    <p class='ocr_par' dir='ltr' id='par_1_24' title="bbox 48 3597 1282 3708">
     <span class='ocr_line' id='line_1_50' title="bbox 48 3597 1282 3708; baseline -0.002 -21"><span class='ocrx_word' id='word_1_195' title='bbox 48 3619 177 3687; x_wconf 79' lang='grc' dir='ltr'>195Βι</span> <span class='ocrx_word' id='word_1_196' title='bbox 210 3619 317 3705; x_wconf 83' lang='grc' dir='ltr'>ὁγὰρ</span> <span class='ocrx_word' id='word_1_197' title='bbox 350 3597 507 3694; x_wconf 88' lang='grc' dir='ltr'>παλαιδς</span> <span class='ocrx_word' id='word_1_198' title='bbox 536 3624 643 3702; x_wconf 88' lang='grc' dir='ltr'>λόγος</span> <span class='ocrx_word' id='word_1_199' title='bbox 695 3624 794 3690; x_wconf 89' lang='lat'>1.10:</span> <span class='ocrx_word' id='word_1_200' title='bbox 819 3620 920 3708; x_wconf 82' lang='grc' dir='ltr'>ὁγὰρ</span> <span class='ocrx_word' id='word_1_201' title='bbox 940 3619 1282 3704; x_wconf 83' lang='grc' dir='ltr'>παλαιδςλόγοςεῦ</span> 
     </span>
    </p>
   </div>
   <div class='ocr_carea' id='block_1_25' title="bbox 99 3724 642 3909">
    <p class='ocr_par' dir='ltr' id='par_1_25' title="bbox 99 3724 642 3909">
     <span class='ocr_line' id='line_1_51' title="bbox 100 3724 642 3816; baseline 0 -26"><span class='ocrx_word' id='word_1_202' title='bbox 100 3725 138 3790; x_wconf 72' lang='grc' dir='ltr'>εὖ</span> <span class='ocrx_word' id='word_1_203' title='bbox 171 3729 262 3814; x_wconf 80' lang='grc' dir='ltr'>ἔχει,</span> <span class='ocrx_word' id='word_1_204' title='bbox 297 3727 344 3800; x_wconf 81' lang='grc' dir='ltr'>ὡς</span> <span class='ocrx_word' id='word_1_205' title='bbox 376 3726 500 3816; x_wconf 77' lang='grc' dir='ltr'>ὅμοιον</span> <span class='ocrx_word' id='word_1_206' title='bbox 531 3724 642 3814; x_wconf 80' lang='grc' dir='ltr'>ὁμοίῳ</span> 
     </span>
     <span class='ocr_line' id='line_1_52' title="bbox 99 3833 333 3909; baseline 0.013 -11"><span class='ocrx_word' id='word_1_207' title='bbox 99 3833 157 3898; x_wconf 82' lang='grc' dir='ltr'>ἀεὶ</span> <span class='ocrx_word' id='word_1_208' title='bbox 178 3835 333 3909; x_wconf 73' lang='grc' dir='ltr'>πελάζει.</span> 
     </span>
    </p>
   </div>
   <div class='ocr_carea' id='block_1_26' title="bbox 740 3727 1282 3921">
    <p class='ocr_par' dir='ltr' id='par_1_26' title="bbox 740 3727 1282 3921">
     <span class='ocr_line' id='line_1_53' title="bbox 742 3727 1282 3817; baseline -0.004 -23"><span class='ocrx_word' id='word_1_209' title='bbox 742 3731 835 3817; x_wconf 79' lang='grc' dir='ltr'>ἔχει,</span> <span class='ocrx_word' id='word_1_210' title='bbox 891 3729 938 3802; x_wconf 80' lang='grc' dir='ltr'>ὡς</span> <span class='ocrx_word' id='word_1_211' title='bbox 993 3728 1114 3816; x_wconf 78' lang='grc' dir='ltr'>ὅμοιον</span> <span class='ocrx_word' id='word_1_212' title='bbox 1171 3727 1282 3815; x_wconf 85' lang='grc' dir='ltr'>ὁμοίῳ</span> 
     </span>
     <span class='ocr_line' id='line_1_54' title="bbox 740 3837 1281 3921; baseline 0 -19"><span class='ocrx_word' id='word_1_213' title='bbox 740 3839 819 3902; x_wconf 87' lang='grc' dir='ltr'>κατὰ</span> <span class='ocrx_word' id='word_1_214' title='bbox 849 3839 932 3902; x_wconf 87' lang='grc' dir='ltr'>θεῖον</span> <span class='ocrx_word' id='word_1_215' title='bbox 961 3837 1009 3902; x_wconf 84' lang='grc' dir='ltr'>ἀεί</span> <span class='ocrx_word' id='word_1_216' title='bbox 1035 3839 1281 3921; x_wconf 70' lang='grc' dir='ltr'>προσπελάζει.</span> 
     </span>
    </p>
   </div>
   <div class='ocr_carea' id='block_1_27' title="bbox 49 3976 1281 4066">
    <p class='ocr_par' dir='ltr' id='par_1_27' title="bbox 49 3976 1281 4066">
     <span class='ocr_line' id='line_1_55' title="bbox 49 3976 1281 4066; baseline -0.002 -22"><span class='ocrx_word' id='word_1_217' title='bbox 49 3981 120 4046; x_wconf 88' lang='grc'>196</span> <span class='ocrx_word' id='word_1_218' title='bbox 135 3976 175 4040; x_wconf 90' lang='lat' dir='ltr'>B:</span> <span class='ocrx_word' id='word_1_219' title='bbox 197 3977 347 4042; x_wconf 84' lang='grc' dir='ltr'>ἀνανθεῖ</span> <span class='ocrx_word' id='word_1_220' title='bbox 366 3980 431 4062; x_wconf 87' lang='grc' dir='ltr'>γάρ</span> <span class='ocrx_word' id='word_1_221' title='bbox 450 3980 511 4042; x_wconf 86' lang='grc' dir='ltr'>καὶ</span> <span class='ocrx_word' id='word_1_222' title='bbox 532 3977 642 4064; x_wconf 90' lang='grc' dir='ltr'>ἀπην-</span> <span class='ocrx_word' id='word_1_223' title='bbox 696 3979 735 4043; x_wconf 89' lang='grc' dir='ltr'>Π.</span> <span class='ocrx_word' id='word_1_224' title='bbox 755 3983 787 4044; x_wconf 84' lang='grc'>1;</span> <span class='ocrx_word' id='word_1_225' title='bbox 807 3977 957 4044; x_wconf 83' lang='grc' dir='ltr'>ἀνανθεῖ</span> <span class='ocrx_word' id='word_1_226' title='bbox 972 3978 1281 4066; x_wconf 79' lang='grc' dir='ltr'>γάρκαίάπηνθη·</span> 
     </span>
    </p>
   </div>
   <div class='ocr_carea' id='block_1_28' title="bbox 97 4081 642 4598">
    <p class='ocr_par' dir='ltr' id='par_1_28' title="bbox 97 4081 642 4598">
     <span class='ocr_line' id='line_1_56' title="bbox 98 4081 642 4171; baseline 0.006 -24"><span class='ocrx_word' id='word_1_227' title='bbox 98 4081 234 4169; x_wconf 87' lang='grc' dir='ltr'>θηκότι</span> <span class='ocrx_word' id='word_1_228' title='bbox 287 4089 346 4150; x_wconf 85' lang='grc' dir='ltr'>καί</span> <span class='ocrx_word' id='word_1_229' title='bbox 403 4089 540 4171; x_wconf 83' lang='grc' dir='ltr'>σώματι</span> <span class='ocrx_word' id='word_1_230' title='bbox 589 4089 642 4150; x_wconf 87' lang='grc' dir='ltr'>καί</span> 
     </span>
     <span class='ocr_line' id='line_1_57' title="bbox 99 4188 642 4276; baseline 0.006 -23"><span class='ocrx_word' id='word_1_231' title='bbox 99 4197 181 4276; x_wconf 83' lang='grc' dir='ltr'>ψυχη</span> <span class='ocrx_word' id='word_1_232' title='bbox 218 4193 271 4254; x_wconf 88' lang='grc' dir='ltr'>καί</span> <span class='ocrx_word' id='word_1_233' title='bbox 307 4190 392 4275; x_wconf 86' lang='grc' dir='ltr'>άλλῳ</span> <span class='ocrx_word' id='word_1_234' title='bbox 430 4189 543 4276; x_wconf 80' lang='grc' dir='ltr'>ὁτῳοῦν</span> <span class='ocrx_word' id='word_1_235' title='bbox 580 4188 642 4256; x_wconf 82' lang='grc' dir='ltr'>οῦκ</span> 
     </span>
     <span class='ocr_line' id='line_1_58' title="bbox 99 4295 642 4381; baseline 0.004 -20"><span class='ocrx_word' id='word_1_236' title='bbox 99 4297 203 4370; x_wconf 72' lang='grc' dir='ltr'>ἑνίζει</span> <span class='ocrx_word' id='word_1_237' title='bbox 219 4296 356 4381; x_wconf 84' lang='grc' dir='ltr'>Ἔρως,</span> <span class='ocrx_word' id='word_1_238' title='bbox 381 4295 419 4362; x_wconf 85' lang='grc' dir='ltr'>οῦ</span> <span class='ocrx_word' id='word_1_239' title='bbox 444 4296 520 4363; x_wconf 85' lang='grc' dir='ltr'>δ’ἀν</span> <span class='ocrx_word' id='word_1_240' title='bbox 537 4295 642 4363; x_wconf 84' lang='grc' dir='ltr'>εάαν-</span> 
     </span>
     <span class='ocr_line' id='line_1_59' title="bbox 99 4403 641 4492; baseline 0 -23"><span class='ocrx_word' id='word_1_241' title='bbox 99 4409 168 4490; x_wconf 83' lang='grc' dir='ltr'>θής</span> <span class='ocrx_word' id='word_1_242' title='bbox 200 4427 237 4470; x_wconf 86' lang='grc' dir='ltr'>τε</span> <span class='ocrx_word' id='word_1_243' title='bbox 268 4409 330 4469; x_wconf 82' lang='grc' dir='ltr'>καὶ</span> <span class='ocrx_word' id='word_1_244' title='bbox 362 4403 500 4492; x_wconf 83' lang='grc' dir='ltr'>εῦωδης</span> <span class='ocrx_word' id='word_1_245' title='bbox 530 4411 641 4479; x_wconf 80' lang='grc' dir='ltr'>τόπος</span> 
     </span>
     <span class='ocr_line' id='line_1_60' title="bbox 97 4511 639 4598; baseline 0.006 -22"><span class='ocrx_word' id='word_1_246' title='bbox 97 4511 129 4596; x_wconf 73' lang='grc' dir='ltr'>η,</span> <span class='ocrx_word' id='word_1_247' title='bbox 162 4511 323 4578; x_wconf 82' lang='grc' dir='ltr'>ἐνταῦθα</span> <span class='ocrx_word' id='word_1_248' title='bbox 352 4511 417 4586; x_wconf 74' lang='grc' dir='ltr'>ἵζει</span> <span class='ocrx_word' id='word_1_249' title='bbox 445 4517 506 4578; x_wconf 89' lang='grc' dir='ltr'>καί</span> <span class='ocrx_word' id='word_1_250' title='bbox 535 4519 639 4598; x_wconf 78' lang='grc' dir='ltr'>μένει.</span> 
     </span>
    </p>
   </div>
   <div class='ocr_carea' id='block_1_29' title="bbox 739 4082 1283 4479">
    <p class='ocr_par' dir='ltr' id='par_1_29' title="bbox 739 4082 1283 4479">
     <span class='ocr_line' id='line_1_61' title="bbox 739 4082 1283 4176; baseline -0.004 -27"><span class='ocrx_word' id='word_1_251' title='bbox 739 4091 818 4149; x_wconf 87' lang='grc' dir='ltr'>κότι</span> <span class='ocrx_word' id='word_1_252' title='bbox 841 4091 976 4174; x_wconf 83' lang='grc' dir='ltr'>σώματι</span> <span class='ocrx_word' id='word_1_253' title='bbox 996 4082 1034 4150; x_wconf 81' lang='grc' dir='ltr'>οῦ</span> <span class='ocrx_word' id='word_1_254' title='bbox 1052 4086 1161 4176; x_wconf 79' lang='grc' dir='ltr'>πέφυκε</span> <span class='ocrx_word' id='word_1_255' title='bbox 1177 4105 1283 4169; x_wconf 89' lang='grc' dir='ltr'>προσ-</span> 
     </span>
     <span class='ocr_line' id='line_1_62' title="bbox 741 4188 1281 4277; baseline -0.002 -20"><span class='ocrx_word' id='word_1_256' title='bbox 741 4196 872 4265; x_wconf 74' lang='grc' dir='ltr'>ιζάνειν</span> <span class='ocrx_word' id='word_1_257' title='bbox 912 4190 928 4257; x_wconf 84' lang='grc' dir='ltr'>δ</span> <span class='ocrx_word' id='word_1_258' title='bbox 961 4191 1087 4277; x_wconf 85' lang='grc' dir='ltr'>Ἔρως,</span> <span class='ocrx_word' id='word_1_259' title='bbox 1136 4188 1174 4257; x_wconf 80' lang='grc' dir='ltr'>οῦ</span> <span class='ocrx_word' id='word_1_260' title='bbox 1212 4188 1281 4256; x_wconf 86' lang='grc' dir='ltr'>δ’ἀν</span> 
     </span>
     <span class='ocr_line' id='line_1_63' title="bbox 739 4296 1280 4382; baseline 0 -20"><span class='ocrx_word' id='word_1_261' title='bbox 739 4296 895 4371; x_wconf 82' lang='grc' dir='ltr'>εῦανθὲς</span> <span class='ocrx_word' id='word_1_262' title='bbox 931 4324 966 4364; x_wconf 91' lang='grc' dir='ltr'>τε</span> <span class='ocrx_word' id='word_1_263' title='bbox 1003 4302 1064 4365; x_wconf 81' lang='grc' dir='ltr'>καί</span> <span class='ocrx_word' id='word_1_264' title='bbox 1086 4296 1216 4371; x_wconf 82' lang='grc' dir='ltr'>εῦωδὲς</span> <span class='ocrx_word' id='word_1_265' title='bbox 1249 4298 1280 4382; x_wconf 76' lang='grc' dir='ltr'>η,</span> 
     </span>
     <span class='ocr_line' id='line_1_64' title="bbox 741 4405 1282 4479; baseline -0.002 -8"><span class='ocrx_word' id='word_1_266' title='bbox 741 4405 903 4472; x_wconf 82' lang='grc' dir='ltr'>ἐνταῦθα</span> <span class='ocrx_word' id='word_1_267' title='bbox 934 4412 996 4472; x_wconf 87' lang='grc' dir='ltr'>καὶ</span> <span class='ocrx_word' id='word_1_268' title='bbox 1031 4405 1188 4479; x_wconf 71' lang='grc' dir='ltr'>ἐνιζάνει</span> <span class='ocrx_word' id='word_1_269' title='bbox 1219 4408 1282 4470; x_wconf 83' lang='grc' dir='ltr'>καὶ</span> 
     </span>
    </p>
   </div>
   <div class='ocr_carea' id='block_1_30' title="bbox 741 4518 1101 4672">
    <p class='ocr_par' dir='ltr' id='par_1_30' title="bbox 741 4518 1101 4672">
     <span class='ocr_line' id='line_1_65' title="bbox 741 4518 843 4600; baseline 0 -24"><span class='ocrx_word' id='word_1_270' title='bbox 741 4518 843 4600; x_wconf 79' lang='grc' dir='ltr'>μένει.</span> 
     </span>
     <span class='ocr_line' id='line_1_66' title="bbox 1069 4617 1101 4672; baseline 0 -26"><span class='ocrx_word' id='word_1_271' title='bbox 1069 4617 1101 4672; x_wconf 64' lang='lat'>2*</span> 
     </span>
    </p>
   </div>
   <div class='ocr_carea' id='block_1_31' title="bbox 0 0 1514 5104">
    <p class='ocr_par' dir='ltr' id='par_1_31' title="bbox 0 0 1514 5104">
     <span class='ocr_line' id='line_1_67' title="bbox 0 0 1514 5104; baseline 0 0"><span class='ocrx_word' id='word_1_272' title='bbox 0 0 1514 5104; x_wconf 95' lang='lat' dir='ltr'> </span> 
     </span>
    </p>
   </div>
  </div>
 </body>
</html>
