3020 5104
586 365 766 460 AL.
786 455 791 457 ,

239 555 384 634 ὕδατος,
409 560 425 622 δ
450 560 486 622 δὲ
508 555 559 631 εἰς
582 563 643 643 τὴν
667 569 730 645 γῆν
753 526 1016 622 κατανὲνεοκεν
1037 556 1309 622 ἐπισιτίσασθαί

239 690 271 732 τι
295 666 450 730 ἐκεῖθεν.

164 791 248 857 Phil.
272 793 326 855 im.
349 789 431 854 lo':
465 792 518 852 καὶ
545 793 582 853 τὰ
610 794 764 875 σχήματα·
781 781 907 853 δἀίντῶν
934 787 1070 853 ποικίλα·
1104 787 1120 851 ὃ
1153 792 1213 873 μὲν
1240 790 1307 872 γὰρ

126 891 127 894 “
236 897 294 962 ἐπὶ
322 898 456 982 πέτρας
479 897 653 961 ἀναπαόει
681 900 727 959 τὼ
754 896 844 959 πόδε
872 891 962 959 καθ’
986 893 1061 970 ἕνα,
1090 897 1106 958 ὃ
1137 897 1172 959 δὲ
1200 898 1308 981 ψόχει

238 1009 276 1070 τὸ
309 1011 448 1088 πτερόν,
480 1005 496 1067 δ
530 1004 565 1067 δὲ
592 1002 820 1086 ἐκκαθαίρει,
852 1003 868 1066 ὃ
901 1004 936 1066 δὲ
968 999 1082 1087 ᾔρηκὲ
1110 1025 1143 1066 τι
1174 1000 1214 1065 ἐκ
1246 1011 1308 1066 τοῦ

238 1109 380 1196 όδαιος,
409 1113 425 1175 δ
450 1113 486 1174 δὲ
514 1106 566 1182 εἰς
594 1113 653 1195 τὴν
682 1121 748 1194 γῆν
779 1107 1313 1175 ἀπονὲνευιιεν’ἑπισιτίσασθαί

236 1241 267 1282 τι
289 1219 441 1283 ἐκεῖθεν.

167 1343 225 1410 Oui
257 1342 319 1409 hoc
355 1342 477 1426 legenti
511 1341 688 1406 cantricum
722 1339 896 1426 descriptio
928 1360 992 1405 non
1023 1342 1111 1405 mira
1142 1340 1306 1406 videatur!

72 1450 302 1517 Concedamus
331 1455 457 1534 oportet
484 1449 690 1514 Aristaeneto
718 1448 781 1512 hoc
810 1449 882 1513 loco
905 1449 1016 1514 minus
1044 1447 1181 1514 feliciter
1210 1450 1309 1513 conti-

72 1561 180 1641 gisse,
212 1563 247 1622 nt
280 1555 365 1639 quod
399 1576 439 1622 ex
471 1555 666 1620 Philostrato
700 1556 849 1640 sumpsit,
883 1561 959 1639 apte
993 1561 1192 1640 conecteret3
1233 1575 1310 1620 narn

71 1668 110 1728 in
146 1685 225 1730 aves
258 1666 418 1730 cantrices
446 1684 567 1748 parvas
598 1663 655 1727 illa
686 1663 788 1727 verba
820 1662 980 1745 quadrare
1008 1683 1103 1729 nemo
1131 1663 1307 1746 intellegit,

72 1778 111 1835 at
143 1771 321 1856 videamus,
355 1773 408 1853 qui
442 1773 483 1836 sit
516 1790 658 1835 conexus
694 1769 782 1854 apud
810 1768 1049 1836 Philostratum.
1105 1772 1142 1835 ln
1166 1771 1308 1852 imagine

71 1898 176 1959 quam
200 1897 298 1963 supra
320 1877 466 1960 laudavi,
495 1879 523 1942 is
551 1879 689 1958 loquitur
712 1868 759 1942 'de
788 1875 914 1942 avibus*
930 1876 1143 1961 palustribus,
1174 1895 1307 1959 quarum

69 1984 224 2049 habitum
260 1986 502 2069 interpretatum
541 1983 581 2049 de
618 1983 698 2068 ipsis
734 1983 814 2047 talia
848 1982 956 2049 dicere
988 1989 1094 2068 potest
1129 2004 1185 2049 suo
1224 1985 1308 2066 iure3

72 2091 195 2174 quodsi
209 2092 432 2157 Aristaenetus
456 2097 556 2156 totum
580 2090 686 2155 locum
709 2089 799 2154 nulla
817 2092 994 2156 mutatione
1010 2092 1043 2155 in
1058 2090 1309 2176 descriptionem

73 2218 171 2264 suam
200 2199 343 2283 recepit,
378 2197 476 2261 aliam
510 2217 642 2263 causam
674 2199 728 2261 vix
763 2198 963 2262 inveniemus
1000 2200 1061 2263 nisi
1099 2218 1185 2275 earn,
1224 2196 1310 2279 quod

70 2303 314 2390 pulchritudine
348 2324 386 2369 ac
414 2305 551 2369 veritate
579 2303 816 2369 Philostrateae
845 2303 1020 2391 ἐκρράσεως
1053 2305 1167 2389 captus
1196 2305 1310 2386 quovis

71 2411 175 2478 modo
198 2412 252 2476 vel
274 2430 400 2476 conexu
422 2412 571 2493 neglecto
596 2401 700 2494 ipsam
720 2408 875 2476 adhihere
895 2416 1030 2476 conatus
1054 2403 1113 2478 est.
1148 2409 1239 2488 Quae
1261 2431 1309 2476 se·

73 2524 217 2602 quuntnr
240 2517 343 2583 verba·
365 2517 576 2602 comprobant
604 2524 768 2582 auctorem
793 2517 834 2583 de
858 2519 972 2584 avibus
996 2520 1106 2603 parvis
1129 2520 1307 2601 cogitasse3

73 2627 159 2692 dicit
181 2627 280 2690 enim:

241 2729 328 2817 ἡμεῖς
351 2734 386 2795 δὲ
408 2728 578 2818 ὑφειμένῃ
602 2744 642 2816 πρ
668 2743 766 2816 φωνῇ
792 2734 1034 2815 διελεγόμεθα
1057 2737 1137 2818 περὶ
1160 2735 1309 2816 τουτων,

240 2837 320 2911 ὅπως
349 2842 390 2924 μὴ
424 2837 613 2904 αποπτῶνται
648 2843 701 2904 καί
733 2840 975 2925 διασκεδάσωμεν
1006 2853 1063 2904 τῶν
1095 2838 1223 2924 ὀρνίθων
1247 2842 1311 2924 τὴν

241 2951 338 3011 θέαν.

170 3072 206 3135 In
243 3069 294 3134 his
332 3089 459 3152 quoque
491 3070 599 3135 verbis
632 3071 856 3137 Aristaenetus
893 3092 914 3135 a
945 3070 1140 3138 Philostrato
1178 3071 1309 3156 pendet,

76 3197 277 3261 quamquam
308 3178 416 3260 ipsum
448 3196 578 3242 sensum
611 3177 684 3243 aliis
711 3179 818 3243 verbis
850 3177 947 3244 facile
977 3180 1157 3264 exprimere
1188 3180 1309 3263 potuit3

75 3287 218 3368 legimus
243 3282 330 3369 apud
353 3283 582 3349 Philostratum
605 3286 637 3347 in
660 3285 758 3368 imag.
784 3285 859 3367 Ικβ’
883 3284 1031 3371 (Midas):

240 3391 379 3456 achaida
409 3387 425 3452 δ
454 3389 585 3474 Σάτυρος
612 3395 664 3455 καί
691 3387 865 3480 ι’)ρειμένῃ
894 3403 936 3477 τῇ
965 3404 1064 3479 φωνῇ
1093 3397 1171 3476 περὶ
1200 3389 1310 3458 αὐτοῦ

240 3501 411 3583 λέγωμεν,
437 3501 483 3583 μὴ
507 3496 686 3585 ἐξεγείρηται
708 3502 760 3562 καί
787 3498 912 3585 διαλόσῃ
936 3503 979 3564 τὰ
1002 3497 1175 3586 δρώμενα.

171 3623 220 3687 De
249 3621 396 3687 omnibus
425 3620 475 3686 his
501 3621 645 3706 pulchris
674 3624 769 3689 rebus
798 3621 943 3706 gaudent
969 3625 1096 3690 iuvenis
1130 3630 1161 3690 et
1187 3643 1308 3709 sponsa

78 3733 151 3797 eius
183 3731 237 3813 qui
266 3729 299 3792 in
327 3727 389 3793 hoc
416 3728 509 3794 horto
534 3729 620 3795 diem
644 3729 775 3814 degunt.
822 3732 872 3796 De
899 3751 1019 3797 corona
1052 3751 1116 3814 qua
1140 3731 1250 3816 puella
1274 3751 1309 3796 se

79 3845 185 3922 ornat,
210 3835 339 3900 dicitur:

239 3963 355 4031 καλὸς
387 3961 422 4024 δὲ
454 3957 470 4023 ό
500 3966 673 4050 σπὲρανος
700 3966 762 4026 καὶ
795 3965 909 4037 δεινὸς
942 3963 1132 4049 ἐπιπρέψαι
1163 3972 1240 4034 ταῖς
1272 3963 1310 4027 ἐν

240 4065 314 4152 ι’ίιρορ
346 4071 408 4131 καί
440 4069 632 4154 φαιδρόιερον
659 4080 722 4142 τοῖς
750 4065 847 4152 ῥόδοις
874 4070 1049 4137 ἀποτελέσαι
1079 4074 1112 4134 τὸ
1146 4072 1310 4154 ἔρευθος,

241 4173 313 4239 όταν
337 4173 358 4257 ᾖ
381 4176 491 4239 codron
515 4181 627 4260 καιρός.

170 4297 261 4365 Idem
294 4298 372 4363 dicit
404 4297 618 4365 Philostratus
650 4301 682 4365 in
715 4303 857 4385 imagine
890 4303 905 4366 Ι
939 4303 1006 4366 κοι’;
1044 4303 1157 4373 καλὸς
1191 4304 1258 4386 γὰρ
1292 4298 1308 4363 ό

241 4414 419 4494 στέφανος
454 4412 517 4473 καὶ
553 4408 669 4480 δεινὸς
707 4408 897 4495 ἐπιπρέψαι
930 4419 1007 4483 τοῖς
1039 4408 1071 4475 ἐν
1104 4406 1177 4495 ὥρα,
1215 4411 1252 4473 τὰ
1280 4410 1311 4472 δὲ

240 4513 320 4600 ἄνθη
357 4514 521 4600 παρθένοις
550 4511 730 4602 ἀναφυὲοθω
759 4520 811 4580 καὶ
848 4523 974 4598 γυναίοις
1012 4518 1161 4601 ἔρευθος
1198 4515 1310 4587 ἑαυτοῖς

240 4620 421 4706 &proteu-hm.
