<?xml version="1.0" encoding="UTF-8"?>
<!DOCTYPE html PUBLIC "-//W3C//DTD XHTML 1.0 Transitional//EN"
    "http://www.w3.org/TR/xhtml1/DTD/xhtml1-transitional.dtd">
<html xmlns="http://www.w3.org/1999/xhtml" xml:lang="en" lang="en">
 <head>
  <title>
</title>
<meta http-equiv="Content-Type" content="text/html;charset=utf-8" />
  <meta name='ocr-system' content='tesseract 3.04.00' />
  <meta name='ocr-capabilities' content='ocr_page ocr_carea ocr_par ocr_line ocrx_word'/>
</head>
<body>
  <div class='ocr_page' id='page_1' title='image "./dearistaenetiep00pietgoog_0041.png"; bbox 0 0 3020 5104; ppageno 0'>
   <div class='ocr_carea' id='block_1_1' title="bbox 823 319 865 382">
    <p class='ocr_par' dir='ltr' id='par_1_1' title="bbox 823 319 865 382">
     <span class='ocr_line' id='line_1_1' title="bbox 823 319 865 382; baseline 0 0"><span class='ocrx_word' id='word_1_1' title='bbox 823 319 865 382; x_wconf 82' lang='lat'><strong>32</strong></span> 
     </span>
    </p>
   </div>
   <div class='ocr_carea' id='block_1_2' title="bbox 317 506 1468 1360">
    <p class='ocr_par' dir='ltr' id='par_1_2' title="bbox 317 506 1467 812">
     <span class='ocr_line' id='line_1_2' title="bbox 317 506 1466 596; baseline -0.002 -20"><span class='ocrx_word' id='word_1_2' title='bbox 317 510 400 576; x_wconf 85' lang='lat' dir='ltr'><strong>Phil.</strong></span> <span class='ocrx_word' id='word_1_3' title='bbox 419 529 469 596; x_wconf 83' lang='lat' dir='ltr'><strong>ep.</strong></span> <span class='ocrx_word' id='word_1_4' title='bbox 486 515 546 578; x_wconf 78' lang='lat'><strong>62:</strong></span> <span class='ocrx_word' id='word_1_5' title='bbox 576 509 627 576; x_wconf 78' lang='grc' dir='ltr'><strong>ὅτε</strong></span> <span class='ocrx_word' id='word_1_6' title='bbox 652 509 809 596; x_wconf 76' lang='grc' dir='ltr'>δ’ἔκρινε</span> <span class='ocrx_word' id='word_1_7' title='bbox 833 517 886 577; x_wconf 80' lang='grc' dir='ltr'><strong>καὶ</strong></span> <span class='ocrx_word' id='word_1_8' title='bbox 908 513 1063 584; x_wconf 70' lang='lat' dir='ltr'><strong>nicheiz&lt;</strong></span> <span class='ocrx_word' id='word_1_9' title='bbox 1089 506 1349 595; x_wconf 51' lang='lat' dir='ltr'><strong>asistamus,</strong></span> <span class='ocrx_word' id='word_1_10' title='bbox 1387 509 1466 576; x_wconf 71' lang='lat' dir='ltr'><strong>abac</strong></span> 
     </span>
     <span class='ocr_line' id='line_1_3' title="bbox 389 614 1467 705; baseline 0 -23"><span class='ocrx_word' id='word_1_11' title='bbox 389 629 485 704; x_wconf 67' lang='grc' dir='ltr'>παρῆν</span> <span class='ocrx_word' id='word_1_12' title='bbox 508 615 527 703; x_wconf 79' lang='grc' dir='ltr'>ἡ</span> <span class='ocrx_word' id='word_1_13' title='bbox 552 617 586 682; x_wconf 71' lang='grc' dir='ltr'><strong>ἐκ</strong></span> <span class='ocrx_word' id='word_1_14' title='bbox 610 617 853 704; x_wconf 74' lang='grc' dir='ltr'>Λακεδαίμονος,</span> <span class='ocrx_word' id='word_1_15' title='bbox 885 615 912 681; x_wconf 75' lang='grc' dir='ltr'><strong>εἰ</strong></span> <span class='ocrx_word' id='word_1_16' title='bbox 939 614 1028 696; x_wconf 66' lang='grc' dir='ltr'>δὀὒν,</span> <span class='ocrx_word' id='word_1_17' title='bbox 1063 623 1155 705; x_wconf 80' lang='grc' dir='ltr'>μόνην</span> <span class='ocrx_word' id='word_1_18' title='bbox 1185 615 1222 682; x_wconf 76' lang='grc' dir='ltr'><strong>ἂν</strong></span> <span class='ocrx_word' id='word_1_19' title='bbox 1252 615 1357 701; x_wconf 77' lang='grc' dir='ltr'>καλὴν</span> <span class='ocrx_word' id='word_1_20' title='bbox 1396 617 1467 684; x_wconf 80' lang='grc' dir='ltr'>ἀπε·</span> 
     </span>
     <span class='ocr_line' id='line_1_4' title="bbox 390 726 545 812; baseline 0.013 -25"><span class='ocrx_word' id='word_1_21' title='bbox 390 726 545 812; x_wconf 62' lang='lat' dir='ltr'><strong>pinarol)</strong></span> 
     </span>
    </p>

    <p class='ocr_par' dir='ltr' id='par_1_3' title="bbox 319 848 1100 933">
     <span class='ocr_line' id='line_1_5' title="bbox 319 848 1100 933; baseline -0.001 -20"><span class='ocrx_word' id='word_1_22' title='bbox 319 849 407 914; x_wconf 90' lang='lat' dir='ltr'><strong>lovis</strong></span> <span class='ocrx_word' id='word_1_23' title='bbox 429 849 587 933; x_wconf 89' lang='lat' dir='ltr'><strong>triplicem</strong></span> <span class='ocrx_word' id='word_1_24' title='bbox 612 851 821 915; x_wconf 68' lang='lat' dir='ltr'><strong>mutationem</strong></span> <span class='ocrx_word' id='word_1_25' title='bbox 844 855 982 933; x_wconf 87' lang='lat' dir='ltr'><strong>tangunt</strong></span> <span class='ocrx_word' id='word_1_26' title='bbox 1003 848 1100 914; x_wconf 87' lang='lat' dir='ltr'><strong>haec:</strong></span> 
     </span>
    </p>

    <p class='ocr_par' dir='ltr' id='par_1_4' title="bbox 321 953 1468 1147">
     <span class='ocr_line' id='line_1_6' title="bbox 321 953 1468 1042; baseline 0.003 -23"><span class='ocrx_word' id='word_1_27' title='bbox 321 956 375 1019; x_wconf 89' lang='lat' dir='ltr'><strong>Ar.</strong></span> <span class='ocrx_word' id='word_1_28' title='bbox 395 956 436 1019; x_wconf 89' lang='grc' dir='ltr'><strong>ΙΙ.</strong></span> <span class='ocrx_word' id='word_1_29' title='bbox 456 958 491 1022; x_wconf 82' lang='lat'><strong>2:</strong></span> <span class='ocrx_word' id='word_1_30' title='bbox 515 953 540 1018; x_wconf 78' lang='lat' dir='ltr'><strong>si</strong></span> <span class='ocrx_word' id='word_1_31' title='bbox 568 961 610 1042; x_wconf 74' lang='grc' dir='ltr'><strong>μή</strong></span> <span class='ocrx_word' id='word_1_32' title='bbox 638 979 671 1037; x_wconf 74' lang='grc' dir='ltr'><strong>γε</strong></span> <span class='ocrx_word' id='word_1_33' title='bbox 700 954 787 1028; x_wconf 82' lang='grc' dir='ltr'>Ζεὺς</span> <span class='ocrx_word' id='word_1_34' title='bbox 815 965 947 1040; x_wconf 81' lang='grc' dir='ltr'><strong>ταῦρος</strong></span> <span class='ocrx_word' id='word_1_35' title='bbox 969 978 988 1041; x_wconf 86' lang='grc' dir='ltr'><strong>η</strong></span> <span class='ocrx_word' id='word_1_36' title='bbox 1016 960 1147 1042; x_wconf 82' lang='grc' dir='ltr'>χρυσὸς</span> <span class='ocrx_word' id='word_1_37' title='bbox 1170 953 1190 1040; x_wconf 83' lang='grc' dir='ltr'><strong>ἢ</strong></span> <span class='ocrx_word' id='word_1_38' title='bbox 1216 960 1353 1028; x_wconf 68' lang='lat' dir='ltr'><strong>abraae,</strong></span> <span class='ocrx_word' id='word_1_39' title='bbox 1385 964 1468 1040; x_wconf 80' lang='grc' dir='ltr'><strong>γενό-</strong></span> 
     </span>
     <span class='ocr_line' id='line_1_7' title="bbox 390 1063 614 1147; baseline 0 -19"><span class='ocrx_word' id='word_1_40' title='bbox 390 1080 479 1147; x_wconf 74' lang='grc' dir='ltr'>μενος</span> <span class='ocrx_word' id='word_1_41' title='bbox 501 1063 551 1126; x_wconf 84' lang='grc' dir='ltr'><strong>διὰ</strong></span> <span class='ocrx_word' id='word_1_42' title='bbox 573 1067 614 1128; x_wconf 77' lang='grc' dir='ltr'><strong>σέ.</strong></span> 
     </span>
    </p>

    <p class='ocr_par' dir='ltr' id='par_1_5' title="bbox 319 1166 1468 1360">
     <span class='ocr_line' id='line_1_8' title="bbox 319 1166 1468 1256; baseline 0.001 -25"><span class='ocrx_word' id='word_1_43' title='bbox 319 1166 402 1232; x_wconf 87' lang='lat' dir='ltr'><strong>Phil.</strong></span> <span class='ocrx_word' id='word_1_44' title='bbox 422 1188 473 1253; x_wconf 88' lang='lat' dir='ltr'><strong>ep.</strong></span> <span class='ocrx_word' id='word_1_45' title='bbox 493 1171 551 1236; x_wconf 84' lang='lat'><strong>32:</strong></span> <span class='ocrx_word' id='word_1_46' title='bbox 580 1166 606 1232; x_wconf 83' lang='grc' dir='ltr'><strong>εἶ</strong></span> <span class='ocrx_word' id='word_1_47' title='bbox 627 1172 720 1250; x_wconf 82' lang='grc' dir='ltr'>καλὴ,</span> <span class='ocrx_word' id='word_1_48' title='bbox 745 1166 803 1234; x_wconf 71' lang='lat' dir='ltr'><strong>oter</strong></span> <span class='ocrx_word' id='word_1_49' title='bbox 826 1174 969 1253; x_wconf 80' lang='grc' dir='ltr'>πρότερον</span> <span class='ocrx_word' id='word_1_50' title='bbox 992 1168 1078 1256; x_wconf 76' lang='grc' dir='ltr'>ἦσαν,</span> <span class='ocrx_word' id='word_1_51' title='bbox 1103 1168 1142 1235; x_wconf 86' lang='grc' dir='ltr'><strong>ὧν</strong></span> <span class='ocrx_word' id='word_1_52' title='bbox 1166 1172 1302 1256; x_wconf 78' lang='grc' dir='ltr'>χρυσὸς</span> <span class='ocrx_word' id='word_1_53' title='bbox 1322 1167 1394 1255; x_wconf 76' lang='grc' dir='ltr'><strong>ἤρα</strong></span> <span class='ocrx_word' id='word_1_54' title='bbox 1419 1175 1468 1234; x_wconf 77' lang='grc' dir='ltr'><strong>καὶ</strong></span> 
     </span>
     <span class='ocr_line' id='line_1_9' title="bbox 391 1271 1205 1360; baseline -0.001 -20"><span class='ocrx_word' id='word_1_55' title='bbox 391 1277 475 1358; x_wconf 84' lang='grc' dir='ltr'>βοῦς</span> <span class='ocrx_word' id='word_1_56' title='bbox 497 1279 550 1338; x_wconf 74' lang='grc' dir='ltr'><strong>καὶ</strong></span> <span class='ocrx_word' id='word_1_57' title='bbox 572 1271 651 1360; x_wconf 70' lang='grc' dir='ltr'>ὕδωρ</span> <span class='ocrx_word' id='word_1_58' title='bbox 674 1279 727 1340; x_wconf 82' lang='grc' dir='ltr'><strong>καὶ</strong></span> <span class='ocrx_word' id='word_1_59' title='bbox 749 1274 897 1360; x_wconf 74' lang='grc' dir='ltr'>ὄρνιθες</span> <span class='ocrx_word' id='word_1_60' title='bbox 918 1279 979 1339; x_wconf 75' lang='grc' dir='ltr'><strong>καὶ</strong></span> <span class='ocrx_word' id='word_1_61' title='bbox 1001 1276 1205 1360; x_wconf 79' lang='grc' dir='ltr'><strong>δράκοντες.</strong></span> 
     </span>
    </p>
   </div>
   <div class='ocr_carea' id='block_1_3' title="bbox 233 1397 1469 1594">
    <p class='ocr_par' dir='ltr' id='par_1_6' title="bbox 233 1397 1469 1594">
     <span class='ocr_line' id='line_1_10' title="bbox 319 1397 1469 1485; baseline 0.001 -22"><span class='ocrx_word' id='word_1_62' title='bbox 319 1399 412 1464; x_wconf 89' lang='lat' dir='ltr'><strong>Haec</strong></span> <span class='ocrx_word' id='word_1_63' title='bbox 447 1398 515 1464; x_wconf 86' lang='lat' dir='ltr'><strong>iere</strong></span> <span class='ocrx_word' id='word_1_64' title='bbox 552 1407 626 1465; x_wconf 90' lang='lat' dir='ltr'><strong>sunt</strong></span> <span class='ocrx_word' id='word_1_65' title='bbox 663 1400 827 1485; x_wconf 84' lang='lat' dir='ltr'><strong>exempla,</strong></span> <span class='ocrx_word' id='word_1_66' title='bbox 865 1419 949 1482; x_wconf 88' lang='lat' dir='ltr'><strong>quae</strong></span> <span class='ocrx_word' id='word_1_67' title='bbox 986 1401 1143 1466; x_wconf 86' lang='lat' dir='ltr'><strong>rationem</strong></span> <span class='ocrx_word' id='word_1_68' title='bbox 1180 1397 1342 1482; x_wconf 89' lang='lat' dir='ltr'><strong>quandam</strong></span> <span class='ocrx_word' id='word_1_69' title='bbox 1386 1403 1469 1465; x_wconf 89' lang='lat' dir='ltr'><strong>inter</strong></span> 
     </span>
     <span class='ocr_line' id='line_1_11' title="bbox 233 1503 1469 1594; baseline 0.003 -26"><span class='ocrx_word' id='word_1_70' title='bbox 233 1503 421 1570; x_wconf 79' lang='lat' dir='ltr'><strong>Philostrati</strong></span> <span class='ocrx_word' id='word_1_71' title='bbox 445 1514 477 1571; x_wconf 87' lang='lat' dir='ltr'><strong>et</strong></span> <span class='ocrx_word' id='word_1_72' title='bbox 491 1506 688 1572; x_wconf 87' lang='lat' dir='ltr'><strong>Aristaeneti</strong></span> <span class='ocrx_word' id='word_1_73' title='bbox 712 1506 869 1592; x_wconf 85' lang='lat' dir='ltr'><strong>epistulas</strong></span> <span class='ocrx_word' id='word_1_74' title='bbox 882 1505 1136 1572; x_wconf 79' lang='lat' dir='ltr'><strong>intercedentem</strong></span> <span class='ocrx_word' id='word_1_75' title='bbox 1151 1506 1324 1589; x_wconf 80' lang='lat' dir='ltr'><strong>illustrent3</strong></span> <span class='ocrx_word' id='word_1_76' title='bbox 1347 1508 1469 1594; x_wconf 88' lang='lat' dir='ltr'><strong>paucis</strong></span> 
     </span>
    </p>
   </div>
   <div class='ocr_carea' id='block_1_4' title="bbox 232 1612 1469 2551">
    <p class='ocr_par' dir='ltr' id='par_1_7' title="bbox 232 1612 1468 2228">
     <span class='ocr_line' id='line_1_12' title="bbox 233 1612 1468 1697; baseline 0.002 -22"><span class='ocrx_word' id='word_1_77' title='bbox 233 1617 358 1677; x_wconf 90' lang='lat' dir='ltr'><strong>tantum</strong></span> <span class='ocrx_word' id='word_1_78' title='bbox 403 1612 484 1678; x_wconf 91' lang='lat' dir='ltr'><strong>locis</strong></span> <span class='ocrx_word' id='word_1_79' title='bbox 527 1619 615 1678; x_wconf 85' lang='lat' dir='ltr'><strong>certo</strong></span> <span class='ocrx_word' id='word_1_80' title='bbox 657 1612 722 1678; x_wconf 89' lang='lat' dir='ltr'><strong>dici</strong></span> <span class='ocrx_word' id='word_1_81' title='bbox 766 1620 875 1697; x_wconf 90' lang='lat' dir='ltr'><strong>potest</strong></span> <span class='ocrx_word' id='word_1_82' title='bbox 919 1614 1156 1679; x_wconf 89' lang='lat' dir='ltr'><strong>Aristaenetum</strong></span> <span class='ocrx_word' id='word_1_83' title='bbox 1203 1633 1220 1678; x_wconf 93' lang='lat' dir='ltr'><strong>e</strong></span> <span class='ocrx_word' id='word_1_84' title='bbox 1266 1613 1468 1680; x_wconf 80' lang='lat' dir='ltr'><strong>Philostrato</strong></span> 
     </span>
     <span class='ocr_line' id='line_1_13' title="bbox 232 1717 1468 1806; baseline 0.001 -23"><span class='ocrx_word' id='word_1_85' title='bbox 232 1717 387 1803; x_wconf 90' lang='lat' dir='ltr'><strong>pendere,</strong></span> <span class='ocrx_word' id='word_1_86' title='bbox 405 1765 406 1771; x_wconf 17' lang='grc' dir='ltr'><strong>κ</strong></span> <span class='ocrx_word' id='word_1_87' title='bbox 426 1724 536 1806; x_wconf 88' lang='lat' dir='ltr'><strong>atque</strong></span> <span class='ocrx_word' id='word_1_88' title='bbox 560 1719 621 1785; x_wconf 91' lang='lat' dir='ltr'><strong>boc</strong></span> <span class='ocrx_word' id='word_1_89' title='bbox 658 1739 716 1785; x_wconf 89' lang='lat' dir='ltr'><strong>suo</strong></span> <span class='ocrx_word' id='word_1_90' title='bbox 753 1721 822 1785; x_wconf 92' lang='lat' dir='ltr'><strong>iure</strong></span> <span class='ocrx_word' id='word_1_91' title='bbox 860 1727 892 1785; x_wconf 89' lang='lat' dir='ltr'><strong>et</strong></span> <span class='ocrx_word' id='word_1_92' title='bbox 927 1721 1108 1805; x_wconf 88' lang='lat' dir='ltr'><strong>perspicue.</strong></span> <span class='ocrx_word' id='word_1_93' title='bbox 1159 1719 1243 1788; x_wconf 88' lang='lat' dir='ltr'><strong>Nam</strong></span> <span class='ocrx_word' id='word_1_94' title='bbox 1275 1720 1468 1786; x_wconf 82' lang='lat' dir='ltr'><strong>Philostrati</strong></span> 
     </span>
     <span class='ocr_line' id='line_1_14' title="bbox 232 1824 1468 1913; baseline 0.002 -23"><span class='ocrx_word' id='word_1_95' title='bbox 232 1825 393 1911; x_wconf 85' lang='lat' dir='ltr'><strong>epistulae</strong></span> <span class='ocrx_word' id='word_1_96' title='bbox 426 1824 629 1892; x_wconf 88' lang='lat' dir='ltr'><strong>Aristaeneto</strong></span> <span class='ocrx_word' id='word_1_97' title='bbox 662 1827 757 1892; x_wconf 89' lang='lat' dir='ltr'><strong>nimis</strong></span> <span class='ocrx_word' id='word_1_98' title='bbox 793 1847 901 1913; x_wconf 86' lang='lat' dir='ltr'><strong>pauca</strong></span> <span class='ocrx_word' id='word_1_99' title='bbox 937 1827 1169 1913; x_wconf 86' lang='lat' dir='ltr'><strong>praebuerunt,</strong></span> <span class='ocrx_word' id='word_1_100' title='bbox 1206 1846 1289 1909; x_wconf 91' lang='lat' dir='ltr'><strong>quae</strong></span> <span class='ocrx_word' id='word_1_101' title='bbox 1325 1829 1361 1891; x_wconf 93' lang='lat' dir='ltr'><strong>in</strong></span> <span class='ocrx_word' id='word_1_102' title='bbox 1402 1830 1468 1893; x_wconf 89' lang='lat' dir='ltr'><strong>suis</strong></span> 
     </span>
     <span class='ocr_line' id='line_1_15' title="bbox 234 1929 1468 2019; baseline 0.002 -23"><span class='ocrx_word' id='word_1_103' title='bbox 234 1929 415 2016; x_wconf 87' lang='lat' dir='ltr'><strong>adhiberet,</strong></span> <span class='ocrx_word' id='word_1_104' title='bbox 450 1938 483 1998; x_wconf 90' lang='lat' dir='ltr'><strong>et</strong></span> <span class='ocrx_word' id='word_1_105' title='bbox 505 1932 557 1998; x_wconf 90' lang='lat' dir='ltr'><strong>bio</strong></span> <span class='ocrx_word' id='word_1_106' title='bbox 580 1934 645 1997; x_wconf 89' lang='lat' dir='ltr'><strong>iam</strong></span> <span class='ocrx_word' id='word_1_107' title='bbox 669 1933 877 2000; x_wconf 88' lang='lat' dir='ltr'><strong>statuendum</strong></span> <span class='ocrx_word' id='word_1_108' title='bbox 901 1941 950 2000; x_wconf 87' lang='lat' dir='ltr'><strong>cst</strong></span> <span class='ocrx_word' id='word_1_109' title='bbox 973 1933 1211 2000; x_wconf 88' lang='lat' dir='ltr'><strong>Aristaenetum</strong></span> <span class='ocrx_word' id='word_1_110' title='bbox 1238 1953 1370 2019; x_wconf 83' lang='lat' dir='ltr'><strong>semper</strong></span> <span class='ocrx_word' id='word_1_111' title='bbox 1400 1934 1468 2000; x_wconf 84' lang='lat' dir='ltr'><strong>iere</strong></span> 
     </span>
     <span class='ocr_line' id='line_1_16' title="bbox 232 2021 1468 2126; baseline 0.003 -24"><span class='ocrx_word' id='word_1_112' title='bbox 232 2021 305 2103; x_wconf 70' lang='lat' dir='ltr'><strong>tum&#39;</strong></span> <span class='ocrx_word' id='word_1_113' title='bbox 334 2038 461 2104; x_wconf 89' lang='lat' dir='ltr'><strong>demum</strong></span> <span class='ocrx_word' id='word_1_114' title='bbox 496 2039 539 2103; x_wconf 90' lang='lat' dir='ltr'><strong>ad</strong></span> <span class='ocrx_word' id='word_1_115' title='bbox 573 2039 804 2106; x_wconf 91' lang='lat' dir='ltr'><strong>Philostratum</strong></span> <span class='ocrx_word' id='word_1_116' title='bbox 836 2040 976 2125; x_wconf 87' lang='lat' dir='ltr'><strong>redisse,</strong></span> <span class='ocrx_word' id='word_1_117' title='bbox 1014 2061 1087 2106; x_wconf 91' lang='lat' dir='ltr'><strong>cum</strong></span> <span class='ocrx_word' id='word_1_118' title='bbox 1120 2039 1161 2107; x_wconf 86' lang='lat' dir='ltr'><strong>de</strong></span> <span class='ocrx_word' id='word_1_119' title='bbox 1193 2039 1468 2126; x_wconf 74' lang='lat' dir='ltr'><strong>descriptionibus</strong></span> 
     </span>
     <span class='ocr_line' id='line_1_17' title="bbox 234 2152 475 2228; baseline 0 -18"><span class='ocrx_word' id='word_1_120' title='bbox 234 2152 356 2228; x_wconf 88' lang='lat' dir='ltr'><strong>ageret.</strong></span> <span class='ocrx_word' id='word_1_121' title='bbox 473 2185 475 2190; x_wconf 94' lang='lat'>·</span> 
     </span>
    </p>

    <p class='ocr_par' dir='ltr' id='par_1_8' title="bbox 234 2253 1469 2551">
     <span class='ocr_line' id='line_1_18' title="bbox 324 2253 1468 2340; baseline 0 -21"><span class='ocrx_word' id='word_1_122' title='bbox 324 2253 396 2319; x_wconf 92' lang='lat' dir='ltr'><strong>Non</strong></span> <span class='ocrx_word' id='word_1_123' title='bbox 423 2273 500 2318; x_wconf 92' lang='lat' dir='ltr'><strong>vero</strong></span> <span class='ocrx_word' id='word_1_124' title='bbox 534 2259 584 2319; x_wconf 90' lang='lat' dir='ltr'><strong>est</strong></span> <span class='ocrx_word' id='word_1_125' title='bbox 611 2253 741 2318; x_wconf 90' lang='lat' dir='ltr'><strong>dubium</strong></span> <span class='ocrx_word' id='word_1_126' title='bbox 775 2256 851 2336; x_wconf 90' lang='lat' dir='ltr'><strong>quin</strong></span> <span class='ocrx_word' id='word_1_127' title='bbox 883 2254 964 2320; x_wconf 93' lang='lat' dir='ltr'><strong>illud</strong></span> <span class='ocrx_word' id='word_1_128' title='bbox 991 2255 1177 2321; x_wconf 89' lang='lat' dir='ltr'><strong>Philostrati</strong></span> <span class='ocrx_word' id='word_1_129' title='bbox 1209 2273 1290 2340; x_wconf 89' lang='lat' dir='ltr'><strong>opus</strong></span> <span class='ocrx_word' id='word_1_130' title='bbox 1322 2257 1468 2319; x_wconf 87' lang='lat' dir='ltr'><strong>maxime</strong></span> 
     </span>
     <span class='ocr_line' id='line_1_19' title="bbox 234 2359 1469 2447; baseline 0.001 -24"><span class='ocrx_word' id='word_1_131' title='bbox 234 2361 467 2444; x_wconf 75' lang='lat' dir='ltr'><strong>compilaverit,</strong></span> <span class='ocrx_word' id='word_1_132' title='bbox 500 2362 533 2424; x_wconf 90' lang='lat' dir='ltr'><strong>in</strong></span> <span class='ocrx_word' id='word_1_133' title='bbox 562 2380 624 2442; x_wconf 92' lang='lat' dir='ltr'><strong>quo</strong></span> <span class='ocrx_word' id='word_1_134' title='bbox 653 2363 808 2445; x_wconf 85' lang='lat' dir='ltr'><strong>plurimas</strong></span> <span class='ocrx_word' id='word_1_135' title='bbox 832 2370 865 2427; x_wconf 90' lang='lat' dir='ltr'><strong>et</strong></span> <span class='ocrx_word' id='word_1_136' title='bbox 887 2362 1050 2446; x_wconf 85' lang='lat' dir='ltr'><strong>perfectas</strong></span> <span class='ocrx_word' id='word_1_137' title='bbox 1074 2359 1308 2447; x_wconf 88' lang='lat' dir='ltr'><strong>descriptiones</strong></span> <span class='ocrx_word' id='word_1_138' title='bbox 1331 2363 1469 2444; x_wconf 87' lang='lat' dir='ltr'><strong>invenit,</strong></span> 
     </span>
     <span class='ocr_line' id='line_1_20' title="bbox 235 2463 866 2551; baseline 0.008 -22"><span class='ocrx_word' id='word_1_139' title='bbox 235 2463 310 2530; x_wconf 87' lang='lat' dir='ltr'><strong>dico</strong></span> <span class='ocrx_word' id='word_1_140' title='bbox 333 2466 533 2551; x_wconf 85' lang='lat' dir='ltr'><strong>imagines.</strong></span> <span class='ocrx_word' id='word_1_141' title='bbox 578 2468 649 2531; x_wconf 89' lang='lat' dir='ltr'><strong>Iam</strong></span> <span class='ocrx_word' id='word_1_142' title='bbox 672 2487 866 2548; x_wconf 90' lang='lat' dir='ltr'><strong>quaeramus</strong></span> 
     </span>
    </p>
   </div>
   <div class='ocr_carea' id='block_1_5' title="bbox 235 2662 1470 3622">
    <p class='ocr_par' dir='ltr' id='par_1_9' title="bbox 361 2662 1339 2856">
     <span class='ocr_line' id='line_1_21' title="bbox 361 2662 1339 2738; baseline 0.003 -12"><span class='ocrx_word' id='word_1_143' title='bbox 361 2662 397 2727; x_wconf 93' lang='lat' dir='ltr'><strong>B.</strong></span> <span class='ocrx_word' id='word_1_144' title='bbox 426 2662 531 2738; x_wconf 80' lang='lat' dir='ltr'><strong>Quae</strong></span> <span class='ocrx_word' id='word_1_145' title='bbox 555 2662 826 2729; x_wconf 85' lang='lat' dir='ltr'><strong>Aristaenetus</strong></span> <span class='ocrx_word' id='word_1_146' title='bbox 851 2683 896 2729; x_wconf 83' lang='lat' dir='ltr'><strong>ex</strong></span> <span class='ocrx_word' id='word_1_147' title='bbox 918 2664 1149 2730; x_wconf 88' lang='lat' dir='ltr'><strong>Philostrati</strong></span> <span class='ocrx_word' id='word_1_148' title='bbox 1172 2665 1339 2730; x_wconf 89' lang='lat' dir='ltr'><strong>senioris</strong></span> 
     </span>
     <span class='ocr_line' id='line_1_22' title="bbox 610 2770 1086 2856; baseline 0.004 -23"><span class='ocrx_word' id='word_1_149' title='bbox 610 2770 845 2854; x_wconf 87' lang='lat' dir='ltr'><strong>imaginibus</strong></span> <span class='ocrx_word' id='word_1_150' title='bbox 869 2773 1086 2856; x_wconf 86' lang='lat' dir='ltr'><strong>sumpserit.</strong></span> 
     </span>
    </p>

    <p class='ocr_par' dir='ltr' id='par_1_10' title="bbox 235 2893 1470 3622">
     <span class='ocr_line' id='line_1_23' title="bbox 325 2893 1470 2982; baseline -0.002 -22"><span class='ocrx_word' id='word_1_151' title='bbox 325 2893 397 2960; x_wconf 90' lang='lat' dir='ltr'><strong>Non</strong></span> <span class='ocrx_word' id='word_1_152' title='bbox 439 2914 550 2960; x_wconf 90' lang='lat' dir='ltr'><strong>omncs</strong></span> <span class='ocrx_word' id='word_1_153' title='bbox 587 2897 783 2961; x_wconf 86' lang='lat' dir='ltr'><strong>Aristaeneti</strong></span> <span class='ocrx_word' id='word_1_154' title='bbox 824 2897 983 2980; x_wconf 87' lang='lat' dir='ltr'><strong>epistulae</strong></span> <span class='ocrx_word' id='word_1_155' title='bbox 1021 2895 1256 2982; x_wconf 88' lang='lat' dir='ltr'><strong>descriptiones</strong></span> <span class='ocrx_word' id='word_1_156' title='bbox 1293 2899 1470 2961; x_wconf 84' lang='lat' dir='ltr'><strong>continent</strong></span> 
     </span>
     <span class='ocr_line' id='line_1_24' title="bbox 235 3000 1470 3089; baseline 0.002 -26"><span class='ocrx_word' id='word_1_157' title='bbox 235 3000 351 3081; x_wconf 88' lang='lat' dir='ltr'><strong>ltaque</strong></span> <span class='ocrx_word' id='word_1_158' title='bbox 378 3000 503 3066; x_wconf 91' lang='lat' dir='ltr'><strong>flosculi</strong></span> <span class='ocrx_word' id='word_1_159' title='bbox 531 3021 549 3066; x_wconf 89' lang='lat' dir='ltr'><strong>e</strong></span> <span class='ocrx_word' id='word_1_160' title='bbox 578 3001 764 3067; x_wconf 87' lang='lat' dir='ltr'><strong>Philostrati</strong></span> <span class='ocrx_word' id='word_1_161' title='bbox 796 3003 991 3086; x_wconf 84' lang='lat' dir='ltr'><strong>imaginibus</strong></span> <span class='ocrx_word' id='word_1_162' title='bbox 1020 3006 1138 3089; x_wconf 88' lang='lat' dir='ltr'><strong>sumpti</strong></span> <span class='ocrx_word' id='word_1_163' title='bbox 1166 3023 1229 3069; x_wconf 93' lang='lat' dir='ltr'><strong>non</strong></span> <span class='ocrx_word' id='word_1_164' title='bbox 1258 3005 1290 3067; x_wconf 92' lang='lat' dir='ltr'><strong>in</strong></span> <span class='ocrx_word' id='word_1_165' title='bbox 1318 3004 1470 3068; x_wconf 90' lang='lat' dir='ltr'><strong>omnibns</strong></span> 
     </span>
     <span class='ocr_line' id='line_1_25' title="bbox 237 3107 1469 3195; baseline 0.001 -24"><span class='ocrx_word' id='word_1_166' title='bbox 237 3107 383 3192; x_wconf 91' lang='lat' dir='ltr'><strong>epistulis</strong></span> <span class='ocrx_word' id='word_1_167' title='bbox 407 3115 550 3191; x_wconf 71' lang='lat' dir='ltr'><strong>exstant,</strong></span> <span class='ocrx_word' id='word_1_168' title='bbox 580 3109 762 3195; x_wconf 90' lang='lat' dir='ltr'><strong>complures</strong></span> <span class='ocrx_word' id='word_1_169' title='bbox 791 3109 831 3176; x_wconf 90' lang='lat' dir='ltr'><strong>de</strong></span> <span class='ocrx_word' id='word_1_170' title='bbox 859 3110 957 3177; x_wconf 90' lang='lat' dir='ltr'><strong>rebus</strong></span> <span class='ocrx_word' id='word_1_171' title='bbox 979 3112 1077 3195; x_wconf 89' lang='lat' dir='ltr'><strong>plane</strong></span> <span class='ocrx_word' id='word_1_172' title='bbox 1101 3112 1230 3176; x_wconf 88' lang='lat' dir='ltr'><strong>eroticis</strong></span> <span class='ocrx_word' id='word_1_173' title='bbox 1254 3116 1356 3193; x_wconf 90' lang='lat' dir='ltr'><strong>agunt</strong></span> <span class='ocrx_word' id='word_1_174' title='bbox 1379 3116 1415 3176; x_wconf 89' lang='lat' dir='ltr'><strong>et</strong></span> <span class='ocrx_word' id='word_1_175' title='bbox 1437 3111 1469 3173; x_wconf 92' lang='lat' dir='ltr'><strong>in</strong></span> 
     </span>
     <span class='ocr_line' id='line_1_26' title="bbox 236 3207 1469 3303; baseline 0 -25"><span class='ocrx_word' id='word_1_176' title='bbox 236 3215 300 3280; x_wconf 91' lang='lat' dir='ltr'><strong>illis</strong></span> <span class='ocrx_word' id='word_1_177' title='bbox 335 3235 387 3280; x_wconf 89' lang='lat' dir='ltr'><strong>res</strong></span> <span class='ocrx_word' id='word_1_178' title='bbox 424 3215 566 3282; x_wconf 85' lang='lat' dir='ltr'><strong>lascivas</strong></span> <span class='ocrx_word' id='word_1_179' title='bbox 600 3207 758 3282; x_wconf 85' lang='lat' dir='ltr'><strong>tractatas</strong></span> <span class='ocrx_word' id='word_1_180' title='bbox 790 3219 980 3303; x_wconf 88' lang='lat' dir='ltr'><strong>invenimus,</strong></span> <span class='ocrx_word' id='word_1_181' title='bbox 1018 3238 1100 3300; x_wconf 88' lang='lat' dir='ltr'><strong>quas</strong></span> <span class='ocrx_word' id='word_1_182' title='bbox 1137 3216 1179 3282; x_wconf 89' lang='lat' dir='ltr'><strong>ad</strong></span> <span class='ocrx_word' id='word_1_183' title='bbox 1213 3218 1278 3282; x_wconf 90' lang='lat' dir='ltr'><strong>alia</strong></span> <span class='ocrx_word' id='word_1_184' title='bbox 1315 3216 1469 3303; x_wconf 82' lang='lat' dir='ltr'><strong>exempla</strong></span> 
     </span>
     <span class='ocr_line' id='line_1_27' title="bbox 238 3321 1469 3410; baseline 0.001 -25"><span class='ocrx_word' id='word_1_185' title='bbox 238 3328 336 3402; x_wconf 88' lang='lat' dir='ltr'><strong>atque</strong></span> <span class='ocrx_word' id='word_1_186' title='bbox 359 3322 546 3388; x_wconf 91' lang='lat' dir='ltr'><strong>Philostrati</strong></span> <span class='ocrx_word' id='word_1_187' title='bbox 569 3325 728 3407; x_wconf 84' lang='lat' dir='ltr'><strong>imagines</strong></span> <span class='ocrx_word' id='word_1_188' title='bbox 751 3322 857 3389; x_wconf 86' lang='lat' dir='ltr'><strong>redire</strong></span> <span class='ocrx_word' id='word_1_189' title='bbox 882 3344 980 3410; x_wconf 88' lang='lat' dir='ltr'><strong>supra</strong></span> <span class='ocrx_word' id='word_1_190' title='bbox 1002 3324 1152 3390; x_wconf 90' lang='lat' dir='ltr'><strong>vidimus.</strong></span> <span class='ocrx_word' id='word_1_191' title='bbox 1199 3321 1335 3389; x_wconf 80' lang='lat' dir='ltr'><strong>Ceterae</strong></span> <span class='ocrx_word' id='word_1_192' title='bbox 1359 3331 1469 3389; x_wconf 91' lang='lat' dir='ltr'><strong>autem</strong></span> 
     </span>
     <span class='ocr_line' id='line_1_28' title="bbox 240 3428 1469 3515; baseline 0.002 -24"><span class='ocrx_word' id='word_1_193' title='bbox 240 3429 399 3512; x_wconf 88' lang='lat' dir='ltr'><strong>epistulae</strong></span> <span class='ocrx_word' id='word_1_194' title='bbox 425 3428 564 3495; x_wconf 89' lang='lat' dir='ltr'><strong>idoneae</strong></span> <span class='ocrx_word' id='word_1_195' title='bbox 591 3436 666 3494; x_wconf 88' lang='lat' dir='ltr'><strong>sunt</strong></span> <span class='ocrx_word' id='word_1_196' title='bbox 693 3428 736 3495; x_wconf 88' lang='lat' dir='ltr'><strong>ad</strong></span> <span class='ocrx_word' id='word_1_197' title='bbox 763 3433 922 3496; x_wconf 90' lang='lat' dir='ltr'><strong>rationem</strong></span> <span class='ocrx_word' id='word_1_198' title='bbox 949 3430 1245 3515; x_wconf 87' lang='lat' dir='ltr'><strong>demonstrandam,</strong></span> <span class='ocrx_word' id='word_1_199' title='bbox 1278 3449 1344 3512; x_wconf 89' lang='lat' dir='ltr'><strong>qua</strong></span> <span class='ocrx_word' id='word_1_200' title='bbox 1367 3433 1469 3515; x_wconf 90' lang='lat' dir='ltr'><strong>scrip-</strong></span> 
     </span>
     <span class='ocr_line' id='line_1_29' title="bbox 238 3537 1470 3622; baseline 0.003 -24"><span class='ocrx_word' id='word_1_201' title='bbox 238 3540 327 3600; x_wconf 89' lang='lat' dir='ltr'><strong>tores</strong></span> <span class='ocrx_word' id='word_1_202' title='bbox 355 3537 466 3601; x_wconf 88' lang='lat' dir='ltr'><strong>erotici</strong></span> <span class='ocrx_word' id='word_1_203' title='bbox 494 3544 718 3618; x_wconf 87' lang='lat' dir='ltr'><strong>argumentum</strong></span> <span class='ocrx_word' id='word_1_204' title='bbox 747 3539 938 3604; x_wconf 89' lang='lat' dir='ltr'><strong>amatorium</strong></span> <span class='ocrx_word' id='word_1_205' title='bbox 966 3559 1038 3603; x_wconf 92' lang='lat' dir='ltr'><strong>cum</strong></span> <span class='ocrx_word' id='word_1_206' title='bbox 1066 3540 1168 3622; x_wconf 87' lang='lat' dir='ltr'><strong>largis</strong></span> <span class='ocrx_word' id='word_1_207' title='bbox 1197 3537 1470 3622; x_wconf 88' lang='lat' dir='ltr'><strong>descriptionibus</strong></span> 
     </span>
    </p>
   </div>
   <div class='ocr_carea' id='block_1_6' title="bbox 80 3640 1468 3729">
    <p class='ocr_par' dir='ltr' id='par_1_11' title="bbox 80 3640 1468 3729">
     <span class='ocr_line' id='line_1_30' title="bbox 80 3640 1468 3729; baseline 0.002 -24"><span class='ocrx_word' id='word_1_208' title='bbox 80 3700 86 3712; x_wconf 85' lang='grc'><strong>,</strong></span> <span class='ocrx_word' id='word_1_209' title='bbox 157 3704 158 3707; x_wconf 73' lang='grc'>,</span> <span class='ocrx_word' id='word_1_210' title='bbox 239 3643 482 3708; x_wconf 83' lang='lat' dir='ltr'><strong>coniunxerunt.</strong></span> <span class='ocrx_word' id='word_1_211' title='bbox 528 3640 670 3718; x_wconf 80' lang='lat' dir='ltr'><strong>Quarum</strong></span> <span class='ocrx_word' id='word_1_212' title='bbox 687 3645 897 3728; x_wconf 88' lang='lat' dir='ltr'><strong>epistularum</strong></span> <span class='ocrx_word' id='word_1_213' title='bbox 911 3650 1040 3711; x_wconf 86' lang='lat' dir='ltr'><strong>exstant</strong></span> <span class='ocrx_word' id='word_1_214' title='bbox 1058 3644 1243 3729; x_wconf 90' lang='lat' dir='ltr'><strong>nonnullae,</strong></span> <span class='ocrx_word' id='word_1_215' title='bbox 1267 3663 1352 3726; x_wconf 91' lang='lat' dir='ltr'><strong>quae</strong></span> <span class='ocrx_word' id='word_1_216' title='bbox 1370 3664 1468 3710; x_wconf 88' lang='lat' dir='ltr'><strong>unam</strong></span> 
     </span>
    </p>
   </div>
   <div class='ocr_carea' id='block_1_7' title="bbox 238 3750 1469 4478">
    <p class='ocr_par' dir='ltr' id='par_1_12' title="bbox 238 3750 1469 4478">
     <span class='ocr_line' id='line_1_31' title="bbox 239 3750 1469 3836; baseline 0.003 -24"><span class='ocrx_word' id='word_1_217' title='bbox 239 3755 363 3814; x_wconf 88' lang='lat' dir='ltr'><strong>tantum</strong></span> <span class='ocrx_word' id='word_1_218' title='bbox 391 3750 444 3814; x_wconf 86' lang='lat' dir='ltr'><strong>vel</strong></span> <span class='ocrx_word' id='word_1_219' title='bbox 473 3750 608 3815; x_wconf 89' lang='lat' dir='ltr'><strong>alteram</strong></span> <span class='ocrx_word' id='word_1_220' title='bbox 640 3751 834 3816; x_wconf 88' lang='lat' dir='ltr'><strong>locutionem</strong></span> <span class='ocrx_word' id='word_1_221' title='bbox 863 3772 882 3818; x_wconf 88' lang='lat' dir='ltr'><strong>e</strong></span> <span class='ocrx_word' id='word_1_222' title='bbox 909 3751 1096 3818; x_wconf 87' lang='lat' dir='ltr'><strong>Philostrati</strong></span> <span class='ocrx_word' id='word_1_223' title='bbox 1123 3750 1318 3834; x_wconf 87' lang='lat' dir='ltr'><strong>imaginibus</strong></span> <span class='ocrx_word' id='word_1_224' title='bbox 1348 3753 1469 3836; x_wconf 89' lang='lat' dir='ltr'><strong>compi-</strong></span> 
     </span>
     <span class='ocr_line' id='line_1_32' title="bbox 239 3855 1467 3945; baseline 0.003 -27"><span class='ocrx_word' id='word_1_225' title='bbox 239 3855 339 3919; x_wconf 89' lang='lat' dir='ltr'><strong>latam</strong></span> <span class='ocrx_word' id='word_1_226' title='bbox 363 3857 538 3941; x_wconf 87' lang='lat' dir='ltr'><strong>continent,</strong></span> <span class='ocrx_word' id='word_1_227' title='bbox 563 3857 657 3941; x_wconf 90' lang='lat' dir='ltr'><strong>aliae,</strong></span> <span class='ocrx_word' id='word_1_228' title='bbox 682 3877 767 3939; x_wconf 89' lang='lat' dir='ltr'><strong>quae</strong></span> <span class='ocrx_word' id='word_1_229' title='bbox 791 3859 973 3944; x_wconf 90' lang='lat' dir='ltr'><strong>complures</strong></span> <span class='ocrx_word' id='word_1_230' title='bbox 996 3860 1087 3926; x_wconf 93' lang='lat' dir='ltr'><strong>locos</strong></span> <span class='ocrx_word' id='word_1_231' title='bbox 1108 3878 1269 3945; x_wconf 90' lang='lat' dir='ltr'><strong>persaepe</strong></span> <span class='ocrx_word' id='word_1_232' title='bbox 1290 3879 1331 3924; x_wconf 84' lang='lat' dir='ltr'><strong>ex</strong></span> <span class='ocrx_word' id='word_1_233' title='bbox 1351 3857 1467 3925; x_wconf 87' lang='lat' dir='ltr'><strong>eadem</strong></span> 
     </span>
     <span class='ocr_line' id='line_1_33' title="bbox 239 3963 1468 4051; baseline 0.003 -26"><span class='ocrx_word' id='word_1_234' title='bbox 239 3963 380 4044; x_wconf 89' lang='lat' dir='ltr'><strong>imagine</strong></span> <span class='ocrx_word' id='word_1_235' title='bbox 408 3969 553 4049; x_wconf 90' lang='lat' dir='ltr'><strong>sumptos</strong></span> <span class='ocrx_word' id='word_1_236' title='bbox 582 3970 614 4030; x_wconf 91' lang='lat' dir='ltr'><strong>et</strong></span> <span class='ocrx_word' id='word_1_237' title='bbox 641 3967 878 4031; x_wconf 88' lang='lat' dir='ltr'><strong>contaminatos</strong></span> <span class='ocrx_word' id='word_1_238' title='bbox 909 3965 1082 4051; x_wconf 89' lang='lat' dir='ltr'><strong>praebent,</strong></span> <span class='ocrx_word' id='word_1_239' title='bbox 1115 3966 1149 4030; x_wconf 94' lang='lat' dir='ltr'><strong>id</strong></span> <span class='ocrx_word' id='word_1_240' title='bbox 1177 3964 1263 4049; x_wconf 93' lang='lat' dir='ltr'><strong>quod</strong></span> <span class='ocrx_word' id='word_1_241' title='bbox 1291 3966 1360 4032; x_wconf 90' lang='lat' dir='ltr'><strong>suis</strong></span> <span class='ocrx_word' id='word_1_242' title='bbox 1387 3965 1468 4031; x_wconf 91' lang='lat' dir='ltr'><strong>locis</strong></span> 
     </span>
     <span class='ocr_line' id='line_1_34' title="bbox 238 4070 1391 4140; baseline 0.007 -8"><span class='ocrx_word' id='word_1_243' title='bbox 238 4070 426 4136; x_wconf 87' lang='lat' dir='ltr'><strong>accuratius</strong></span> <span class='ocrx_word' id='word_1_244' title='bbox 448 4071 671 4137; x_wconf 83' lang='lat' dir='ltr'><strong>tractabimus.</strong></span> <span class='ocrx_word' id='word_1_245' title='bbox 1387 4127 1391 4140; x_wconf 85' lang='lat'>.</span> 
     </span>
     <span class='ocr_line' id='line_1_35' title="bbox 335 4175 1467 4264; baseline 0 -22"><span class='ocrx_word' id='word_1_246' title='bbox 335 4175 402 4242; x_wconf 85' lang='lat' dir='ltr'><strong>Sed</strong></span> <span class='ocrx_word' id='word_1_247' title='bbox 416 4185 450 4242; x_wconf 92' lang='lat' dir='ltr'><strong>ut</strong></span> <span class='ocrx_word' id='word_1_248' title='bbox 466 4176 591 4242; x_wconf 88' lang='lat' dir='ltr'><strong>adrem</strong></span> <span class='ocrx_word' id='word_1_249' title='bbox 606 4179 710 4262; x_wconf 88' lang='lat' dir='ltr'><strong>ipsam</strong></span> <span class='ocrx_word' id='word_1_250' title='bbox 721 4176 927 4263; x_wconf 89' lang='lat' dir='ltr'><strong>accedamus,</strong></span> <span class='ocrx_word' id='word_1_251' title='bbox 944 4181 1009 4244; x_wconf 87' lang='lat' dir='ltr'><strong>iam</strong></span> <span class='ocrx_word' id='word_1_252' title='bbox 1022 4181 1117 4264; x_wconf 89' lang='lat' dir='ltr'><strong>primi</strong></span> <span class='ocrx_word' id='word_1_253' title='bbox 1130 4178 1204 4245; x_wconf 91' lang='lat' dir='ltr'><strong>libri</strong></span> <span class='ocrx_word' id='word_1_254' title='bbox 1214 4180 1318 4264; x_wconf 89' lang='lat' dir='ltr'><strong>prima</strong></span> <span class='ocrx_word' id='word_1_255' title='bbox 1328 4180 1467 4264; x_wconf 88' lang='lat' dir='ltr'><strong>epistula</strong></span> 
     </span>
     <span class='ocr_line' id='line_1_36' title="bbox 239 4281 1466 4372; baseline 0.003 -26"><span class='ocrx_word' id='word_1_256' title='bbox 239 4281 515 4368; x_wconf 88' lang='lat' dir='ltr'><strong>elegantissimum</strong></span> <span class='ocrx_word' id='word_1_257' title='bbox 532 4283 757 4369; x_wconf 88' lang='lat' dir='ltr'><strong>descriptionis</strong></span> <span class='ocrx_word' id='word_1_258' title='bbox 767 4286 951 4371; x_wconf 88' lang='lat' dir='ltr'><strong>exemplum</strong></span> <span class='ocrx_word' id='word_1_259' title='bbox 964 4286 1110 4372; x_wconf 88' lang='lat' dir='ltr'><strong>praebet.</strong></span> <span class='ocrx_word' id='word_1_260' title='bbox 1147 4285 1264 4370; x_wconf 88' lang='lat' dir='ltr'><strong>Agitur</strong></span> <span class='ocrx_word' id='word_1_261' title='bbox 1274 4285 1315 4350; x_wconf 90' lang='lat' dir='ltr'><strong>de</strong></span> <span class='ocrx_word' id='word_1_262' title='bbox 1329 4286 1466 4371; x_wconf 88' lang='lat' dir='ltr'><strong>pulchri-</strong></span> 
     </span>
     <span class='ocr_line' id='line_1_37' title="bbox 238 4388 1466 4478; baseline 0.003 -25"><span class='ocrx_word' id='word_1_263' title='bbox 238 4388 351 4456; x_wconf 87' lang='lat' dir='ltr'><strong>tudine</strong></span> <span class='ocrx_word' id='word_1_264' title='bbox 369 4393 499 4477; x_wconf 90' lang='lat' dir='ltr'><strong>puellae</strong></span> <span class='ocrx_word' id='word_1_265' title='bbox 515 4391 692 4478; x_wconf 90' lang='lat' dir='ltr'><strong>cuiusdam,</strong></span> <span class='ocrx_word' id='word_1_266' title='bbox 706 4413 805 4475; x_wconf 90' lang='lat' dir='ltr'><strong>quam</strong></span> <span class='ocrx_word' id='word_1_267' title='bbox 821 4401 934 4459; x_wconf 85' lang='lat' dir='ltr'><strong>auctor</strong></span> <span class='ocrx_word' id='word_1_268' title='bbox 948 4393 1080 4460; x_wconf 89' lang='lat' dir='ltr'><strong>summis</strong></span> <span class='ocrx_word' id='word_1_269' title='bbox 1094 4392 1245 4460; x_wconf 90' lang='lat' dir='ltr'><strong>laudibus</strong></span> <span class='ocrx_word' id='word_1_270' title='bbox 1260 4392 1363 4478; x_wconf 88' lang='lat' dir='ltr'><strong>effert,</strong></span> <span class='ocrx_word' id='word_1_271' title='bbox 1379 4399 1422 4478; x_wconf 90' lang='lat' dir='ltr'><strong>et,</strong></span> <span class='ocrx_word' id='word_1_272' title='bbox 1436 4399 1466 4458; x_wconf 90' lang='lat' dir='ltr'><strong>ut</strong></span> 
     </span>
    </p>
   </div>
   <div class='ocr_carea' id='block_1_8' title="bbox 332 4585 1236 4659">
    <p class='ocr_par' dir='ltr' id='par_1_13' title="bbox 332 4585 1236 4659">
     <span class='ocr_line' id='line_1_38' title="bbox 332 4585 1236 4659; baseline 0.007 -18"><span class='ocrx_word' id='word_1_273' title='bbox 332 4585 353 4653; x_wconf 82' lang='lat'><strong>¹)</strong></span> <span class='ocrx_word' id='word_1_274' title='bbox 374 4589 581 4659; x_wconf 82' lang='lat' dir='ltr'><strong>Argumentum</strong></span> <span class='ocrx_word' id='word_1_275' title='bbox 600 4606 668 4644; x_wconf 88' lang='lat' dir='ltr'><strong>sane</strong></span> <span class='ocrx_word' id='word_1_276' title='bbox 687 4591 716 4644; x_wconf 85' lang='lat' dir='ltr'><strong>et</strong></span> <span class='ocrx_word' id='word_1_277' title='bbox 735 4607 832 4645; x_wconf 87' lang='lat' dir='ltr'><strong>sensus</strong></span> <span class='ocrx_word' id='word_1_278' title='bbox 852 4590 999 4658; x_wconf 87' lang='lat' dir='ltr'><strong>utriusque</strong></span> <span class='ocrx_word' id='word_1_279' title='bbox 1018 4590 1074 4647; x_wconf 90' lang='lat' dir='ltr'><strong>loci</strong></span> <span class='ocrx_word' id='word_1_280' title='bbox 1094 4590 1166 4645; x_wconf 86' lang='lat' dir='ltr'><strong>alius</strong></span> <span class='ocrx_word' id='word_1_281' title='bbox 1186 4593 1236 4647; x_wconf 85' lang='lat' dir='ltr'><strong>est.</strong></span> 
     </span>
    </p>
   </div>
   <div class='ocr_carea' id='block_1_9' title="bbox 0 0 1517 5104">
    <p class='ocr_par' dir='ltr' id='par_1_14' title="bbox 0 0 1517 5104">
     <span class='ocr_line' id='line_1_39' title="bbox 0 0 1517 5104; baseline 0 0"><span class='ocrx_word' id='word_1_282' title='bbox 0 0 1517 5104; x_wconf 95' lang='lat' dir='ltr'><strong> </strong></span> 
     </span>
    </p>
   </div>
  </div>
 </body>
</html>
