3020 5104
818 343 862 408 50

229 541 332 605 minus
356 547 452 619 reete,
487 539 638 623 quoniam
664 539 887 603 Aristaenetus
919 538 1024 620 magis
1053 559 1123 602 cum
1147 537 1346 605 Philostrato
1386 562 1464 606 con-

229 649 315 731 gruit
330 669 426 731 quam
447 668 517 713 oum
533 646 711 712 Theocrito·
726 643 905 730 eademque
921 647 1028 730 imago
1044 647 1176 731 saepius
1193 649 1234 712 ah
1250 647 1466 714 aristaeneto

229 763 384 841 usurpata
408 765 472 841 est,
496 755 633 838 legimus
658 753 797 818 enimin

318 880 416 964 imag.
441 879 473 945 II
495 879 541 944 c':
576 877 611 942 αἱ
638 877 769 966 ὀφρώες
796 873 861 943 ὑπὸ
891 881 1007 964 λευκώ
1030 891 1077 963 τῷ
1105 884 1250 965 μετώπῳ
1278 883 1467 964 μέλαιναι.

319 1004 499 1072 Verisimile
523 1012 629 1070 autem
655 1011 705 1068 est
729 1002 958 1068 Philostratum
984 1004 1089 1088 ipsum
1123 1002 1183 1069 hoc
1221 1025 1348 1088 quoque
1388 1006 1466 1070 loco

232 1113 394 1179 Theocriti
419 1113 612 1197 meminisse,
641 1131 736 1194 quem
765 1112 895 1194 saepius
924 1112 1104 1195 exscripsit.

321 1237 370 1302 Ex
399 1238 465 1302 alia
494 1234 682 1302 Philostrati
714 1235 855 1318 imagine
888 1234 1112 1302 Aristaenetus
1143 1235 1185 1300 ad
1215 1238 1352 1322 capillos
1394 1240 1466 1306 lau·

232 1343 357 1410 dandos
382 1345 519 1429 sumpsit
542 1344 655 1408 verba:

276 1435 279 1438 ¹
392 1449 472 1518 οὐδὲ
495 1452 762 1538 στσφανοῦσθαὶ
787 1471 833 1515 σοι
856 1454 921 1535 τὴν
943 1452 1105 1537 κεφαλὴν
1130 1451 1289 1533 ἀναγκαῖον
1313 1453 1370 1519 ἅτε
1399 1469 1469 1542 της

326 1559 328 1566 ⁴
391 1565 507 1644 κόμης
531 1559 749 1643 ἀποχρώσης
773 1553 875 1643 adep,

233 1704 316 1767 quae
340 1684 517 1767 reperimus
541 1684 573 1746 iu
597 1683 738 1765 imagine

324 1789 391 1864 12':
422 1787 501 1856 οὐδὲ
525 1789 793 1876 ἐστεφάνωνται
816 1793 877 1862 τὰς
905 1794 1067 1878 κεφαλὰς
1091 1790 1133 1864 ώς
1157 1791 1376 1879 ἀποχρώσης
1401 1794 1470 1860 αὺ-

392 1907 467 1970 τοῖς
490 1910 554 1982 τῆς
576 1903 700 1984 κόμης.

324 2024 391 2088 lam
440 2043 596 2090 summam
635 2041 743 2086 eorum
782 2041 865 2105 quae
909 2009 1114 2106 exposuimus
1153 2025 1466 2110 comprehendentes

235 2129 371 2196 dicimus
405 2131 644 2196 Aristaenetnm
678 2126 721 2192 ad
746 2127 979 2213 descriptiones
1004 2131 1036 2194 in
1068 2130 1216 2215 epistulis
1241 2133 1308 2197 suis
1332 2153 1463 2220 compo·

235 2237 359 2304 uendas
388 2236 526 2322 plurima
560 2257 577 2302 e
606 2235 795 2301 Philostrati
819 2236 1013 2319 imaginibus
1037 2237 1196 2322 hausisse,
1227 2247 1369 2322 atquae
1392 2263 1467 2326 per·

235 2345 340 2410 sectas
366 2343 600 2429 descriptiones
635 2344 664 2409 ei
693 2344 893 2428 praeberent,
926 2343 973 2409 ita
1005 2352 1040 2409 ut
1072 2346 1194 2429 passim
1235 2367 1330 2411 unam
1366 2356 1470 2432 atque

237 2451 372 2518 eandem
395 2451 569 2535 imaginem
590 2450 709 2516 fontem
730 2450 845 2528 adiret,
871 2457 956 2516 etex
971 2451 1052 2536 ipsis
1072 2451 1212 2519 maiores
1227 2452 1471 2539 descriptiones

236 2566 268 2623 et
299 2559 437 2625 minores
472 2557 625 2624 flosculos
658 2566 821 2623 mutuatus
855 2559 887 2622 in
915 2566 1036 2624 textum
1065 2580 1156 2624 suum
1180 2561 1343 2628 insereret.
1394 2563 1472 2628 Hoc

237 2685 364 2749 quoque
388 2664 449 2730 dini
477 2673 587 2751 potest
610 2665 848 2730 Aristaenetum
873 2685 912 2730 ea
936 2659 1020 2750 quae
1044 2666 1171 2750 integra
1200 2688 1239 2732 cx
1269 2669 1470 2752 imaginibus

238 2773 427 2858 deprompta
456 2772 571 2854 reddit,
605 2771 766 2849 nonnullis
790 2773 869 2838 locis
896 2794 1111 2858 magnacum
1140 2783 1209 2840 arte
1242 2783 1275 2840 et
1298 2776 1470 2860 elegantia

237 2881 269 2944 in
311 2889 432 2946 textum
482 2901 574 2946 suum
616 2881 805 2965 inseruisse,
854 2889 963 2947 cetera
1000 2882 1115 2968 paucis
1159 2883 1190 2946 in
1238 2903 1328 2948 usum
1373 2903 1471 2948 snum

237 2988 369 3052 mutatis
393 2987 606 3054 coniunxisse.

329 3110 394 3177 Sed
439 3119 611 3197 postquam
659 3119 691 3177 et
728 3112 886 3198 epistulas
922 3119 953 3178 ct
989 3113 1148 3196 imagines
1190 3114 1382 3181 Philostrati
1430 3119 1467 3180 ah

242 3219 445 3284 aristaeneto
485 3228 654 3303 excerptas
692 3239 764 3286 esse
801 3220 1028 3299 intelleximus,
1071 3242 1144 3286 num
1186 3231 1294 3288 cetera
1335 3243 1470 3308 quoquc

242 3325 460 3391 Philostratea
486 3333 606 3410 scripta
630 3327 816 3411 inspexerit,
839 3327 1018 3395 videamus.

241 3523 277 3592 Ο.
310 3524 400 3590 Νοω
425 3522 698 3589 Aristaenetus
729 3524 845 3588 etiam
870 3533 999 3591 cetera
1024 3526 1289 3593 Philostratea
1315 3529 1470 3615 scripta

727 3632 974 3716 expresserit.

331 3753 403 3832 Qua
434 3756 465 3819 in
495 3757 687 3839 quaestione
711 3758 906 3824 Aristaeneti
931 3759 1129 3826 consuetudo
1163 3779 1256 3843 quam
1286 3759 1468 3827 identidem

243 3863 462 3945 cognovimus,
489 3863 653 3929 evidenter
677 3871 822 3948 apparet.
869 3864 956 3930 Inter
985 3865 1203 3932 Philostratea
1231 3867 1314 3932 enim
1343 3870 1469 3954 scripta

244 3990 283 4034 ea
306 3971 482 4054 praecipue
506 3970 558 4035 vel
577 3971 685 4054 potius
710 3971 802 4037 unice
827 3973 994 4056 expressit,
1019 3994 1103 4056 quae
1127 3975 1293 4040 materiem
1312 3973 1469 4042 idoneam

242 4084 274 4141 et
298 4077 390 4159 quasi
421 4085 649 4161 praeparatam
681 4085 711 4143 el
735 4080 960 4165 praebuerunt,
990 4081 1117 4146 scilieet
1149 4081 1305 4166 epistulas
1331 4091 1365 4147 et
1395 4086 1469 4147 ima·

246 4184 348 4267 gines.
387 4184 513 4250 Passim
538 4185 666 4268 quidem
682 4187 779 4252 etiam
801 4186 834 4250 in
859 4187 976 4281 ceteris
991 4187 1216 4254 Philostrateis
1240 4187 1372 4272 scriptis
1399 4211 1468 4256 cum

244 4291 440 4356 Aristaeneti
455 4290 597 4358 flosculis
613 4313 788 4362 consensus
799 4314 966 4362 occurrere
975 4295 1111 4379 videtur,
1123 4294 1182 4360 sed
1190 4301 1249 4360 aut
1263 4303 1328 4360 tam
1344 4316 1467 4379 parvus

244 4404 302 4480 est,
327 4405 362 4462 nt
384 4398 464 4463 nihil
488 4398 693 4484 demonstret,
722 4409 778 4466 aut
803 4421 840 4466 eo
865 4401 1056 4487 declaratur,
1086 4401 1172 4485 quod
1196 4409 1328 4484 uterque
1353 4411 1468 4471 auctor

244 4503 380 4571 eundem
396 4505 515 4570 fontem
535 4505 626 4572 adiit.
674 4507 766 4584 Quae
781 4515 815 4574 ut
829 4510 1066 4595 intellegamus,
1096 4509 1224 4594 singula
1249 4509 1468 4577 Philostratea

245 4613 367 4698 scripta
390 4613 620 4700 perquiramus.
