3020 5104
779 329 822 392 28

623 597 625 602 ,
671 527 695 595 l.
720 521 765 590 lla
789 519 933 590 titania.
974 505 976 512 ’

264 647 368 714 7Νοιιι
410 645 539 712 dicere
581 646 692 712 nobis
732 666 807 712 non
843 646 940 711 licet
977 647 1093 711 etiam
1129 645 1335 712 Libaninm
1387 647 1441 711 ah

186 752 434 820 Aristaeneto
459 754 707 838 compilatum
732 772 832 836 esse,
854 751 889 818 id
913 751 1246 834 quodBoissonadius
1265 755 1442 839 opinatus

186 866 246 937 est,
262 861 414 940 quoniam
425 866 532 926 exstat
541 858 671 941 quidem
685 859 848 925 nonnullis
862 859 944 924 locis
959 858 1134 924 similitudo
1149 861 1232 925 inter
1246 867 1440 944 utrumque

185 972 361 1051 auctorem,
400 965 458 1032 sed
489 987 554 1032 non
586 967 672 1051 talis,
710 966 815 1048 qualis
847 965 1018 1031 Libanium
1049 965 1169 1032 fontem
1208 965 1440 1034 demonstret.
1498 996 1499 1057 p

186 1073 419 1157 Comparemus
442 1075 527 1139 enim

402 1215 569 1281 Libanii:
992 1216 1248 1281 Aristaeneti:

187 1339 472 1424 1.1V.p.571,:
517 1337 583 1404 coos
620 1337 662 1412 εἰς
703 1339 772 1424 ἔριν
827 1341 852 1404 I.
868 1343 903 1407 2:
927 1339 1087 1406 ἀπόθεσθε
1102 1345 1155 1425 τὴν
1168 1343 1254 1425 ἔριν,
1275 1343 1437 1406 aenaeae

229 1445 328 1532 ἦλθον
361 1445 442 1532 αὐτῷ
469 1451 534 1532 περὶ
564 1451 675 1513 rohsan
710 1443 773 1511 οὐδ’
873 1447 1108 1534 ζυγομαχίας.

231 1552 515 1641 ὲῖὓῖθμάχθῦν·’)
828 1572 906 1637 I.1:
948 1569 1115 1637 κάντεῦθεν
1149 1570 1434 1637 ἀποτυποῦνται

187 1680 216 1744 2.
230 1677 477 1764 1V4p.1020„:
492 1682 545 1743 καὶ
554 1682 605 1764 τὴν
616 1678 776 1764 ἀσώματον
875 1679 1053 1761 θεοπρεπῶς
1084 1682 1116 1741 τὸ
1150 1679 1435 1765 φιλοτεχνοὺμενον

231 1787 303 1848 &ho
327 1781 570 1857 ὑποτοπὼοας.
875 1781 962 1856 εἶδος.

276 1909 405 1975 Tertius
427 1910 518 1975 locus
541 1930 605 1974 non
629 1914 679 1975 est
695 1909 838 1990 Libanii3
862 1912 1019 1992 reperitur
1041 1909 1126 1974 enim
1150 1908 1187 1972 in
1211 1907 1432 1993 ethopoeia

187 2035 260 2081 uno
294 2015 430 2082 codice
462 2017 561 2098 (Par.
586 2019 704 2092 3016)
733 2020 903 2098 servato,
937 2034 1035 2096 quae
1058 2013 1212 2079 Libanii
1239 2034 1313 2079 non
1345 2022 1430 2099 est,

187 2129 222 2187 nt
244 2123 426 2189 Foerster
448 2143 499 2187 me
524 2123 779 2188 commonefecit.
827 2121 1039 2186 Conseruntur
1061 2130 1170 2187 autem
1192 2121 1257 2186 loci

188 2247 694 2339 3.llthop.1‚(lv.p.10961t.):
718 2245 775 2312 κᾶν
830 2247 918 2328 lle:
963 2244 1022 2311 adm
1058 2249 1138 2333 τοχω
1174 2244 1231 2311 κᾶν
1265 2245 1428 2332 ἁποτὺχω,

231 2358 289 2438 γὰρ
312 2354 465 2441 ἀποπὺχω,
488 2354 596 2434 γέγονα
617 2357 775 2442 δυστυχής,
876 2355 998 2438 διχόθεν
1023 2351 1081 2434 ἐγὼ
1104 2355 1257 2440 δοοωχής.

233 2459 292 2525 κᾶν
316 2463 407 2546 cispa,
437 2463 525 2526 πάλιν
553 2459 613 2548 εἰμὶ
634 2461 777 2547 δοοτοχὲ-

234 2590 348 2652 cmpos.

278 2692 355 2757 Sine
389 2690 487 2756 dubio
520 2697 633 2757 auctor
664 2691 750 2757 illius
785 2689 946 2778 ἠθοποιίας
978 2691 1021 2755 ad
1053 2691 1292 2757 Aristaenetum
1324 2691 1424 2756 redit.

278 2800 348 2862 lam
366 2797 410 2864 ad
430 2799 528 2862 alium
544 2805 709 2864 auctorem
729 2799 769 2863 ab
784 2798 989 2864 Aristaencto
1007 2799 1214 2883 compilatum
1231 2818 1426 2882 pergarnus.

486 3019 514 3080 η.
542 2993 585 3061 llo
608 2993 821 3063 llrlstaouelo
845 2994 881 3062 ot
905 2991 1119 3062 Philostrato.

188 3119 226 3183 A.
260 3118 365 3194 Quae
396 3119 497 3188 ratio
529 3116 750 3186 intercedat
782 3120 883 3183 inter
918 3117 1149 3183 Philostrati
1182 3119 1349 3183 senioris
1385 3125 1426 3182 et

570 3226 811 3291 Aristaeneti
834 3224 1034 3309 epistulas.

276 3349 498 3416 Aristaenetus
527 3355 774 3434 argumentost
801 3348 945 3414 themata
969 3350 1092 3414 erotica
1120 3348 1287 3434 epistulari
1314 3347 1424 3412 forma

185 3459 337 3522 tractavit
364 3464 494 3522 secutus
527 3456 790 3523 consuetudinem
824 3456 961 3522 aliorum
988 3456 1152 3522 rhetorum
1178 3455 1265 3520 illius
1288 3456 1419 3538 aetatis,

186 3572 220 3628 et
243 3583 316 3628 oum
339 3563 543 3649 Alciphronis
568 3564 724 3649 epistulas
748 3563 890 3629 imitatus
914 3566 955 3629 sit
974 3563 1141 3645 multaque
1156 3582 1198 3628 ex
1211 3562 1290 3646 ipsis
1311 3581 1419 3649 sump-

186 3672 273 3753 serit,
297 3690 361 3735 non
385 3669 479 3736 abest
503 3671 644 3755 suspicio
668 3671 744 3751 qrrin
768 3669 865 3735 etiam
888 3668 1123 3735 Philostrati
1147 3668 1340 3754 epistulas
1364 3689 1420 3734 ex-

186 3777 350 3861 presserit,
379 3777 412 3841 in
440 3777 556 3858 quihus
583 3775 701 3841 similia
729 3782 920 3859 argumenta
948 3777 1179 3841 tractabantur.
1230 3774 1420 3862 Videamus,

186 3883 262 3947 num
286 3903 326 3948 ea
349 3901 433 3964 quae
464 3882 675 3967 suspicamur,
705 3883 862 3967 exemplis
891 3882 1095 3967 comprobari
1124 3884 1258 3966 possint.
1315 3879 1419 3958 Quem

186 3989 230 4054 ad
253 3989 349 4055 linem
373 3991 519 4072 singulas
542 3989 699 4073 epistulas
721 3989 917 4055 Aristaeneti
940 3989 1172 4073 perquiramus.

275 4116 314 4179 In
347 4113 486 4200 epistula
508 4114 566 4178 Ill.
595 4114 688 4198 primi
711 4113 785 4178 libri
817 4115 910 4196 virgo
943 4111 1059 4179 dicitur
1090 4113 1290 4180 vestimentis
1314 4113 1420 4178 exutis

186 4222 284 4288 eliam
307 4220 471 4306 pulchrior
494 4240 580 4286 esse:
611 4216 833 4305 stupesceret)
857 4216 942 4296 οὖσα,
967 4218 1060 4307 ὅμως,
1085 4219 1157 4286 ὅταν
1182 4218 1418 4305 tezzanum,

277 4415 299 4483 ¹)
317 4417 389 4474 Utor
408 4415 521 4472 editone
539 4415 736 4471 Reiskiana.

277 4505 299 4572 ²)
319 4505 360 4560 Of.
379 4506 534 4580 arura,
553 4505 810 4576 Untcrsnchungen
824 4523 873 4560 zur
887 4504 1051 4576 Ephemeris
1066 4505 1114 4560 des
1130 4504 1232 4574 Diktys
1247 4522 1303 4560 ron
1323 4504 1417 4560 Krota

186 4594 361 4666 Philologus,
380 4595 413 4648 N.
433 4594 463 4648 F.
484 4595 526 4660 15,
546 4612 573 4664 p.
592 4593 654 4648 375.
