3020 5104
713 328 925 424 --.AE

249 551 252 560 v
366 520 556 591 δακτόλοις
578 516 863 608 ι’)πεσταλμένοις
885 517 1125 608 ὑποκειμένην
1153 525 1217 608 τὴν
1240 519 1458 607 ἀριστερὰν

365 628 537 713 ἔπληττεν
565 623 616 699 εἷς
647 631 685 691 τό
712 629 848 706 κοῖλον,
880 623 925 692 ἵν’
955 625 1040 692 ὦσιν
1064 627 1099 691 αἱ
1130 638 1253 714 χεῖρες
1282 627 1458 717 εὔφωνοι

365 735 678 819 συμπληττόμεναι
700 740 830 818 τρόπον
853 736 1057 820 κυμβάλων.

297 857 388 924 Duos
412 855 464 922 hic
487 856 577 922 locos
593 877 634 922 ex
648 857 845 924 Philostrato
862 865 1007 943 sumptos
1021 859 1246 926 Aristaenetus
1261 861 1459 944 contexuit

204 984 268 1030 non
282 963 469 1030 felicissime
487 983 581 1046 ρευσς
596 983 671 1028 nam
687 964 728 1028 ad
745 971 883 1040 cantum,
900 971 1041 1048 atquem
1056 964 1305 1050 pulcherrimum
1323 977 1461 1032 auctor

206 1071 363 1156 depingat
395 1073 456 1156 ita,
490 1080 525 1135 ut
558 1091 683 1136 omnem
713 1091 827 1139 vocem
861 1071 1027 1138 dissonam
1060 1073 1241 1138 canentium
1275 1076 1460 1158 magistra

205 1179 361 1245 acerrime
384 1179 559 1264 vituperet,
594 1198 656 1243 nou
681 1177 820 1261 quadrat
853 1178 939 1262 quod
963 1178 1105 1262 addidit,
1139 1180 1212 1245 dico
1239 1180 1332 1247 illum
1359 1189 1455 1247 stre·

204 1285 317 1370 pitum,
351 1305 445 1368 quem
479 1285 533 1369 qui
568 1285 698 1350 Comum
731 1293 908 1368 sequuntur
940 1287 1048 1352 fauere
1082 1286 1201 1366 solent;
1235 1286 1320 1354 hunc
1355 1289 1458 1354 enim

205 1411 326 1458 morem
351 1391 567 1458 Philostratus
592 1391 746 1484 describit
770 1392 802 1455 in
826 1394 925 1475 imag.
949 1392 1018 1474 Ιβί

367 1509 497 1586 μιμεῖται
530 1501 560 1562 δὲ
593 1495 612 1584 ἡ
645 1504 744 1586 γραφη
776 1505 837 1563 καὶ
869 1507 1068 1583 κρότον...
1096 1505 1157 1564 καὶ
1185 1498 1204 1586 ἡ
1233 1501 1332 1574 δεξιὰ
1363 1513 1458 1574 ταῖς

366 1607 558 1678 δακτυλοις
581 1602 867 1692 υπεσταλμένοις
893 1603 1134 1692 ὑποκειμένην
1158 1611 1222 1694 τὴν
1247 1606 1457 1693 ἀριστερὰν

330 1725 337 1734 “
367 1715 514 1798 πλήττει
546 1713 584 1784 ἐς
615 1717 654 1778 τὸ
686 1716 825 1796 κοῖλον,
857 1711 904 1778 ἵν’
937 1712 1019 1778 ὦσιν
1048 1713 1082 1779 αἱ
1109 1724 1229 1802 χεῖρες
1258 1714 1456 1802 ἓόμρωνοι

367 1822 609 1906 πληττόμεναι
632 1826 750 1903 τρόπῳ
773 1822 974 1905 κυμβάλων.

296 1943 436 2010 Primam
469 1951 595 2028 partem
629 1943 857 2028 descriptionis
890 1944 1087 2010 Aristaeneti
1120 1945 1154 2010 in
1187 1945 1330 2028 imagine
1367 1947 1403 2011 ΙΙ
1421 1947 1453 2012 α’

206 2051 395 2136 invenimus,
419 2051 452 2114 in
476 2048 590 2117 eadem
614 2049 714 2134 igitur
735 2051 889 2135 imagine,
914 2071 1010 2135 quam
1033 2071 1132 2136 supra
1146 2051 1212 2117 iam
1226 2053 1451 2136 compilatam

208 2178 280 2224 esse
306 2158 462 2241 diximus3
488 2163 535 2224 sic
560 2158 644 2224 enim
668 2158 805 2242 legimus
829 2157 917 2244 apud
942 2157 1188 2224 Philostratum:
1229 2237 1233 2243 .

366 2265 469 2350 ᾄδουσι
492 2270 548 2350 γὰρ
573 2264 729 2349 αἱπαῖδετ,
754 2265 867 2349 ᾄδουσι,
891 2270 952 2331 καὶ
972 2263 991 2352 ἡ
1008 2263 1453 2350 διδάσκαλοςυποβλέπει

342 2397 344 2404 ·
367 2378 432 2460 την
456 2373 664 2456 ἀπόρόουσαν
687 2381 869 2456 κροτοῦσα
891 2376 953 2446 τὰς
976 2383 1104 2459 χεῖρας
1127 2377 1190 2438 καὶ
1213 2373 1250 2445 ἐς
1272 2378 1312 2440 τό
1328 2380 1451 2461 μέλος

367 2480 500 2552 ἱκανός
522 2480 773 2566 έμβιβάζουσα.

297 2587 388 2652 Ηυευ
412 2587 453 2652 de
477 2586 603 2651 decima
624 2585 774 2670 epistula,
800 2605 919 2668 exque
934 2586 1047 2652 iterum
1062 2585 1279 2670 intellegimus
1295 2589 1450 2654 Aristae-

208 2701 315 2758 netum
336 2691 473 2758 eandem
492 2713 588 2758 unam
608 2692 781 2776 imaginem
806 2691 990 2776 despoliare
1010 2713 1073 2757 non
1093 2692 1273 2760 dubitasse.
1310 2693 1449 2760 Similia

209 2798 304 2865 docet

699 2889 871 2974 epistula
897 2889 959 2953 XI.

299 3012 371 3092 Qua
403 3016 436 3080 in
470 3015 610 3101 epistula
642 3012 847 3098 pulchritudo
879 3013 1004 3080 iuvenis
1038 3011 1188 3079 laudatur
1222 3013 1446 3098 singulaeque

210 3122 280 3187 eius
305 3123 448 3206 corporis
471 3129 582 3206 partes
607 3119 838 3186 describuntur.

301 3229 350 3294 De
375 3229 503 3314 capillis
527 3228 752 3295 Aristaenetus
777 3226 870 3293 dicit:

370 3333 470 3401 ἱκανὸν
493 3341 546 3420 μὲν
570 3341 644 3422 πρὸς
667 3337 763 3420 ἐ’ρωτα
783 3338 836 3398 καὶ
859 3339 946 3420 μόνον
965 3338 999 3398 τό
1022 3332 1180 3418 ἐπίγρυπον
1198 3343 1251 3398 τοῦ
1271 3333 1446 3419 νεανίσκω,

369 3441 455 3527 ἱκανὴ
484 3441 557 3528 δεη
586 3448 677 3529 κόμη,
710 3443 804 3528 καλη
838 3445 899 3528 μέν
932 3437 1020 3506 καθ’
1055 3439 1183 3528 ἑαυτὴν
1213 3436 1297 3514 οὖσα,
1331 3443 1375 3505 ἔτι
1410 3443 1446 3506 δὲ

368 3551 501 3614 καλλίων
533 3553 716 3634 περικειμένη
751 3552 812 3634 μὲν
841 3559 888 3632 τῷ
920 3552 1086 3632 μετώπῳ.
1126 3556 1371 3628 συηκατιουσα
1405 3549 1446 3611 δὲ

373 3670 417 3741 τῷ
440 3654 548 3739 ἰοόλῳ
571 3659 668 3740 παρὰ
689 3659 729 3719 τὸ
753 3651 827 3728 ους,

210 3783 294 3848 quae
319 3761 455 3846 sumpsit
478 3781 518 3826 ex
542 3761 730 3826 Philostrati
754 3760 896 3845 imagine
919 3759 982 3824 Ir':

370 3868 389 3956 ἡ
417 3874 497 3956 κόμη
527 3871 557 3932 δὲ
580 3866 666 3955 ἡδεῖα
694 3873 745 3955 μέν
771 3871 823 3931 καὶ
850 3863 924 3933 καθ’
955 3867 1084 3954 ἑαυτην
1111 3867 1277 3932 ἑναλόουσα
1304 3872 1364 3952 μέν
1394 3880 1443 3952 τῷ

370 3982 530 4063 μετώπῳ,
556 3985 798 4058 συηκατιοόσα
822 3976 857 4038 δὲ
880 3988 927 4059 τῷ
949 3973 1057 4058 ἰοόλῳ
1082 3978 1177 4059 παρὰ
1201 3977 1238 4040 τό
1262 3969 1367 4056 οὔτι)

303 4155 324 4223 ¹)
351 4155 487 4210 Similiter
513 4154 570 4208 iam
598 4157 683 4209 antea
711 4157 740 4208 et
768 4152 797 4206 in
825 4151 904 4222 poesi
927 4155 956 4208 et
978 4153 1009 4206 in
1032 4170 1117 4222 prosa
1144 4152 1294 4222 scriptores
1320 4151 1439 4222 capillos

211 4245 431 4316 descripserunt3
451 4243 573 4316 exempli
592 4243 686 4313 gratia
704 4243 774 4298 haec
793 4241 961 4298 afferantur:
980 4242 1060 4296 Hom.
1076 4239 1126 4295 Od.
1141 4241 1184 4304 11,
1203 4239 1271 4295 319:
1289 4236 1343 4308 repis
1363 4255 1437 4308 σφωιν

211 4332 269 4392 hrr'o⁴
285 4332 439 4404 κροτάφοισιν
472 4329 570 4393 ἰούλους
598 4330 712 4402 ἀνθῆσαι
743 4329 851 4384 πυκάσαι
882 4347 908 4382 τε
939 4329 1010 4399 γένυς
1038 4325 1138 4384 chartis
1166 4326 1265 4400 λάχνη;
1312 4327 1437 4400 Xenoph.

211 4425 306 4494 Symp.
325 4424 351 4489 4,
375 4424 422 4478 23:
451 4419 499 4492 οὐχ
521 4421 581 4491 ὁρᾷς
604 4418 640 4472 ὅτι
662 4419 741 4489 τούτῳ
764 4421 807 4489 μὲν
830 4421 899 4489 παρὰ
921 4420 953 4470 τὰ
977 4413 1030 4470 ὦτοι
1052 4414 1107 4488 ἄρτι
1126 4414 1211 4478 ἴουλος
1230 4416 1360 4486 καθέρπει.
1398 4417 1437 4472 Of,

212 4530 285 4581 quae
313 4513 524 4568 Studniczka
551 4512 586 4567 de
617 4512 670 4567 hoe
685 4510 896 4581 ¹Xenophontis
925 4510 986 4564 loco
1019 4507 1092 4562 dixit
1124 4508 1166 4563 in:
1200 4506 1367 4563 Festschriih
1395 4507 1438 4561 fur

213 4603 267 4656 Th.
289 4601 460 4671 Gomperz,
484 4601 568 4656 Wien
588 4601 665 4666 1902,
686 4619 712 4670 p.
732 4599 785 4652 429
805 4617 865 4667 sqq.
