3020 5104
810 363 854 425 40

221 610 223 619 ,
309 561 406 640 Imag.
431 555 507 639 lrr':
531 558 561 622 ἐν
581 560 700 641 χλαοκῳ
720 559 750 620 δὲ
773 569 816 640 τῷ
838 569 892 642 της
912 557 1068 642 θαλάττης
1091 554 1177 620 ἄνθει
1200 559 1239 620 τὰ
1257 567 1319 620 τῶν
1341 553 1461 640 ἰχθίνιον

378 669 524 750 χρώματα
556 663 685 749 μέλανες
712 668 765 747 μὲν
789 659 817 727 οἱ
843 661 908 728 ἄνω
935 664 1079 736 δοκοῦσιν,
1112 661 1200 748 ἦττον
1225 663 1256 725 δὲ
1279 660 1308 725 οἱ
1331 660 1459 748 ἐφεξῆς,

379 770 406 835 οἱ
429 772 460 834 δὲ
484 767 546 856 μετ’
572 769 703 842 ἐκείνους
725 768 785 856 ἤδη
808 770 1050 855 παραψεάδονται
1074 772 1130 854 τὴν
1154 767 1232 854 ὄψιν.

308 877 500 961 Identidem,
528 883 563 940 ut
591 877 623 940 in
653 875 792 961 epistula
820 876 971 961 septima,
1000 875 1161 940 invenitur
1191 873 1281 959 apud
1308 875 1461 940 Aristae-

219 992 329 1051 netum
352 985 436 1068 nigri
460 989 492 1048 et
515 983 582 1048 albi
605 984 780 1067 oppositio3

380 1090 528 1176 ἐξέλαμπε
551 1093 607 1173 γὰρ
631 1089 666 1154 ἐκ
689 1091 805 1176 πολλῆς
827 1113 860 1153 τε
887 1091 940 1151 καί
969 1088 1146 1174 μελαίνης
1173 1094 1290 1174 κόμης
1318 1091 1463 1160 λευκὸς

381 1203 440 1283 μὲν
462 1199 665 1282 τράχηλος,
689 1193 822 1282 εὐανθὴς
846 1197 877 1259 δὲ
900 1201 1017 1280 παρειαί.

308 1304 462 1369 Similiter
484 1305 517 1367 in
540 1302 728 1367 Philostrati
750 1303 892 1386 imagine

308 1409 398 1476 sse‘:
431 1415 562 1497 χαίτην
587 1414 639 1496 μὲν
661 1406 741 1474 οὕτω
764 1408 937 1494 μέλαινάν
965 1431 995 1471 τε
1023 1411 1076 1471 καὶ
1100 1406 1258 1496 ἀμφιλαφῆ
1286 1415 1461 1495 περιχέασαν

379 1529 442 1590 τοῖς
465 1516 558 1602 ὤμοις
580 1520 632 1581 καὶ
655 1529 696 1600 τῷ
720 1513 832 1602 αὐχένι,
861 1516 964 1602 δέρην
993 1517 1029 1578 δὲ
1057 1517 1189 1602 λευκὴν
1218 1511 1458 1603 ὑπεκφαίνοοσα.

308 1627 424 1702 Lacus,
448 1626 481 1690 in
500 1643 563 1706 quo
582 1622 692 1708 puella
707 1643 742 1688 se
757 1624 856 1706 lavat,
882 1622 1037 1708 άτάραχος
1059 1626 1112 1686 καὶ
1130 1625 1293 1710 γαληναῖος
1317 1621 1459 1702 dicitur3

220 1733 366 1798 similiter
389 1730 603 1796 Philostratus
626 1731 659 1796 in
682 1732 781 1812 imag.

309 1838 377 1903 Ia':
410 1841 445 1902 τὸ
467 1834 546 1922 ὕδωρ
570 1838 699 1922 γαληνὸν
723 1842 893 1920 γέγραπται.

309 1944 438 2011 Nudam
461 1946 618 2026 vlrginem
643 1963 758 2027 corpus
781 1942 946 2007 lavantem
965 1943 1188 2007 Aristaenetus
1208 1961 1281 2007 oum
1300 1941 1458 2027 nymphus

221 2059 402 2138 comparat:

382 2158 487 2245 ᾠήθην
511 2155 546 2221 ἄν
571 2180 635 2222 τινα
657 2169 713 2220 τῶν
736 2153 927 2241 Νηρηίδων
951 2153 1024 2239 ὁρᾶν
1047 2155 1266 2240 θρυλουμένων.

220 2265 436 2330 Philostratus
460 2283 587 2346 qnoque
611 2264 710 2328 talem
735 2264 1008 2348 comparationem
1033 2264 1122 2327 novit
1143 2265 1176 2327 in

288 2373 408 2454 imag.
433 2369 535 2443 Hrt':
568 2375 699 2442 καὶτὰς
723 2367 910 2457 Νηρηίδας
938 2367 1028 2452 εἰκός,
1058 2368 1131 2434 ὅταν
1158 2381 1194 2455 τη
1219 2372 1362 2452 θαλάττῃ
1395 2369 1458 2434 ἐπι-

376 2469 534 2552 παίζωσιν.

311 2587 381 2650 Iam
396 2605 494 2670 supra
508 2583 646 2649 vidimus
666 2583 810 2649 rhetores
826 2585 1084 2667 comparationes
1102 2602 1174 2648 cum
1189 2582 1259 2648 deis
1280 2591 1312 2649 et
1327 2582 1458 2650 deabus

139 2711 141 2713 ·
222 2693 328 2758 t'aetas
347 2690 444 2756 valde
459 2690 641 2756 adamasse.
676 2692 769 2755 Duae
785 2690 868 2755 enim
887 2691 1030 2755 rationes
1054 2690 1236 2774 exstabant,
1261 2691 1288 2754 si
1308 2689 1458 2755 rhetores

223 2797 493 2884 pulchritudinem
516 2796 694 2883 depingere
722 2798 889 2863 volebant:
924 2803 979 2862 aut
1007 2797 1152 2880 singulas
1176 2799 1319 2882 corporIs
1343 2805 1458 2881 partes

224 2905 454 2990 describebant
477 2911 510 2970 et
531 2902 720 2988 laudabant,
744 2905 834 2980 cuius
850 2906 895 2968 rei
915 2902 1065 2987 exempla
1078 2905 1144 2968 iam
1163 2923 1263 2989 supra
1277 2905 1457 2989 attulimus,

225 3021 280 3078 aut
304 3034 376 3078 cum
400 3013 470 3078 deIs
499 3018 531 3078 et
555 3011 680 3078 deabus
707 3011 859 3096 pulchros
882 3011 1028 3077 homines
1052 3011 1325 3096 comparabant.¹)
1371 3011 1458 3074 Mira

223 3123 308 3187 euim
332 3120 498 3204 perfectio,
523 3140 587 3202 qua
611 3119 729 3184 Graeci
753 3139 811 3202 per
834 3118 967 3184 saecula
990 3117 1112 3184 artibus
1135 3117 1296 3200 fingendis
1320 3137 1458 3202 operam

224 3227 341 3292 dantes
374 3226 444 3292 deis
477 3233 509 3292 et
542 3225 667 3291 deabus
700 3232 732 3292 et
758 3225 910 3291 heroibus
944 3232 1049 3291 certas
1080 3225 1201 3290 formas
1233 3224 1457 3310 excoluerant,

226 3335 398 3416 unicuique
431 3334 554 3398 formae
588 3335 705 3414 insigni
734 3331 980 3419 pulchritudinis
1013 3337 1135 3397 certum
1173 3331 1339 3415 exemplar
1361 3352 1458 3415 prac-

227 3440 305 3506 buit.
363 3440 442 3506 Oum
479 3441 577 3522 igitur
613 3445 762 3504 auctores
795 3440 907 3504 erotici
940 3437 1209 3523 pulchritudinem
1245 3457 1458 3522 personarum

226 3546 339 3612 efferre
372 3546 501 3625 vellent,
545 3566 601 3612 eos
629 3545 709 3610 nihil
745 3545 807 3611 uisi
844 3545 1088 3611 simulacrorum
1118 3546 1313 3610 mentionem
1345 3544 1457 3610 facere

223 3653 404 3738 oportebat,
437 3659 471 3717 ut
504 3654 639 3734 quisque
671 3653 779 3716 statim
811 3653 1024 3736 intellegeret,
1063 3657 1184 3733 quanta
1218 3650 1457 3736 pulchritudine

223 3761 278 3825 ille
303 3767 390 3826 esset
413 3757 454 3824 de
479 3779 541 3842 quo
565 3766 678 3824 auctor
701 3759 866 3824 narrabat.

234 3939 236 3942 ,
314 3865 408 3943 Quod
441 3865 484 3930 ad
515 3865 693 3931 remedium
716 3866 939 3932 Aristaenetus
971 3884 1097 3948 quoque
1130 3883 1290 3950 persaepe
1320 3865 1457 3930 recurrit

224 3995 328 4058 neque
362 3973 521 4039 dubitavit
552 3969 746 4039 Philostrato
780 3972 854 4038 duci
882 3973 934 4037 hic
962 3971 1028 4038 illio
1057 3992 1092 4037 se
1120 3973 1335 4055 committere,
1366 3974 1455 4036 cuius

224 4084 271 4147 rei
304 4080 393 4146 aliud
426 4082 578 4146 eximium
612 4081 778 4165 exemplar
808 4082 875 4144 iam
908 4079 1036 4164 supra²l
1070 4085 1244 4144 tractatum
1274 4079 1306 4141 in
1339 4077 1454 4144 eadem

224 4189 364 4274 epistula
388 4189 526 4272 septima
550 4194 666 4253 exstat.

312 4294 468 4380 Epistulis
499 4295 577 4360 VIII
606 4301 638 4360 et
667 4295 713 4358 IX
741 4293 914 4378 neglectIs,
950 4313 1021 4358 cum
1054 4293 1133 4357 nihil
1159 4275 1225 4358 ¹nos
1253 4293 1379 4376 iuvent,
1413 4291 1453 4354 ad

225 4399 385 4467 decimam
408 4420 467 4465 nos
491 4407 668 4485 vertamus,
698 4419 794 4482 quam
817 4400 897 4465 nihil
920 4398 1008 4464 aliud
1033 4400 1094 4464 nisi
1121 4397 1336 4484 paraphrasin
1353 4398 1453 4492 ,Calli-
1497 4427 1498 4466 ι

313 4560 335 4626 1)
355 4560 396 4615 uf.
415 4560 585 4617 Rohdium
604 4562 622 4615 l.
642 4561 660 4617 I.
680 4579 745 4630 pag.
766 4561 825 4615 165.

314 4649 337 4717 ²)
356 4649 398 4705 ef.
417 4668 483 4720 pag.
502 4651 546 4705 29.
