3020 5104
752 359 879 452 ,ιι

246 554 434 639 plerumque
462 571 535 618 cum
565 551 835 636 descriptionibus
863 571 944 638 opus
975 558 1075 634 esset,
1103 550 1146 616 ad
1175 550 1417 618 Philostratum
1447 571 1479 615 se

245 660 382 726 vertisse
405 657 542 724 videtur.
590 657 644 723 Sic
674 659 706 720 iu
734 655 875 742 epistula
898 657 959 722 XV
983 657 1129 740 congruit
1158 673 1230 723 oum
1256 678 1294 724 co
1319 677 1480 742 genarum

245 767 385 834 colorem
410 764 611 831 describens:

725 853 896 938 epistula
923 851 998 917 XV.

404 960 588 1048 ἐπιχαρίτως
612 967 867 1047 περοινιγμὲνη
891 964 953 1032 τὰς
976 965 1135 1046 παρειάς.

334 1066 416 1136 Phil.
441 1068 538 1150 imag.
564 1066 595 1132 ss
617 1066 676 1150 λβ’;
712 1069 886 1155 ροινίττει
910 1071 963 1153 τὴν
986 1073 1089 1155 κόρην.

331 1174 413 1241 Phil.
436 1176 505 1243 lun.
530 1175 583 1241 im.
606 1174 647 1261 rp':
672 1173 743 1260 ἤθει
766 1178 829 1260 τὴν
852 1177 1000 1259 παρειὰν
1024 1173 1357 1260 ἑπιροινίττοοσα.1)

335 1281 454 1348 Clades
484 1281 516 1344 iu
546 1300 655 1347 amore
679 1288 816 1366 accepta
840 1279 1056 1364 gladiatorum
1080 1299 1168 1345 more
1191 1281 1237 1346 ita
1262 1278 1481 1362 significatur,

245 1395 281 1453 ut
303 1408 417 1454 manus
441 1387 585 1452 tollatur:

403 1497 513 1578 ἔρωτος
552 1499 695 1581 ’ρανέντος
732 1499 832 1577 γέγονε
870 1492 1011 1580 ῥίψασπις
1050 1499 1103 1559 καὶ
1137 1498 1190 1579 τὴν
1229 1493 1324 1566 δεξιὰν
1364 1491 1503 1584 ἀκονιτὶρ

403 1605 637 1686 προσανατεὶνας
660 1599 808 1688 ὡμολόγει
830 1606 884 1686 τὴν
908 1601 1012 1688 ἧτταν,

245 1729 330 1792 quae
352 1709 533 1792 comparari
557 1715 693 1792 possunt
716 1727 785 1773 cum

335 1812 540 1897 Phil-imag.
564 1813 648 1879 Iter':
696 1812 715 1900 ἡ
748 1813 794 1899 Γῆ
832 1815 1010 1899 arn-roperta
1045 1819 1097 1879 καὶ
1135 1817 1189 1887 τάς
1221 1823 1352 1900 χεῖρας
1385 1812 1483 1896 α’ίρει

404 1920 468 1987 ἀνω
495 1920 563 1986 vel:

334 2029 432 2110 imag.
456 2026 487 2091 II
511 2026 546 2101 r':
584 2034 745 2112 γέγραπται
772 2028 803 2090 δὲ
836 2025 852 2090 ὁ
881 2033 934 2114 μὲν
964 2026 1129 2100 ἀποπνίξας
1155 2039 1248 2112 νεκρῷ
1276 2023 1398 2092 εἰκάσαι
1426 2030 1483 2090 καὶ

403 2139 435 2198 τὸ
461 2134 646 2219 ἀπαγορεῦον
671 2133 929 2220 inconpositorum]
953 2135 1040 2222 χειρί.
1504 2166 1505 2238 ρ

688 2275 871 2360 Epistula
893 2275 1027 2342 XXIV.

334 2385 371 2450 In
405 2383 546 2469 epistula
578 2382 687 2448 XXIV
719 2382 943 2449 Aristaenetus
981 2381 1154 2448 dictionem
1191 2378 1229 2447 no
1265 2384 1406 2467 νὺκτωρ
1442 2379 1484 2446 ci

236 2488 332 2578 μεθ’
357 2489 493 2578 ἡμέραν
517 2489 714 2555 Philostrato
739 2488 857 2554 debere
880 2488 1016 2569 videtur,
1042 2488 1095 2572 qui
1120 2487 1268 2554 similiter
1290 2487 1375 2553 dicit
1399 2489 1435 2552 in
1505 2552 1506 2591 ρ

335 2598 430 2679 imag.
455 2596 543 2669 Int':
576 2601 712 2681 νάκτωρ
736 2593 928 2660 αὐτοῦκαὶ
952 2591 1036 2682 μεθ’
1061 2593 1205 2682 ἡμέραν.
1251 2611 1253 2616 ·

699 2737 884 2822 Epistula
906 2737 1017 2804 XXV.

335 2847 372 2911 In
406 2845 546 2931 epistula
569 2846 661 2909 XXV
691 2845 915 2910 Aristaenetus
946 2863 1067 2910 morem
1100 2843 1275 2909 amantium
1307 2844 1483 2928 describit,

248 2951 290 3018 de
314 2973 376 3036 quo
399 2953 464 3018 iam
489 2952 617 3038 καρποί)
632 2953 738 3018 verba·
757 2952 907 3036 fecimus3
931 2951 983 3016 bic
1006 2956 1130 3016 tantum
1150 2959 1361 3036 comparetur,
1389 2953 1484 3035 quod

249 3058 465 3126 Philostratus
484 3058 517 3122 iu
536 3058 679 3140 imagine
700 3057 841 3142 quadam
866 3057 907 3122 de
930 3058 1004 3142 ipsa
1026 3056 1170 3140 redich,
1194 3077 1286 3141 quem
1310 3059 1353 3122 ad
1379 3058 1484 3125 finem

246 3171 381 3248 uterque
404 3165 516 3231 auctor
539 3166 754 3232 exscribatur:

335 3272 447 3339 Arist:
471 3277 524 3336 καί
546 3281 605 3336 τῶν
628 3272 815 3357 ἐκπωμάτων
838 3275 910 3356 πρὸς
935 3267 1023 3338 αὺτὸν
1048 3271 1193 3337 ἀντίδοσιν
1207 3270 1330 3336 ἐποιεῖτο
1347 3321 1354 3336 .
1372 3322 1405 3339 ..
1426 3281 1484 3339 καὶ

403 3389 505 3445 τοῦτον
535 3384 588 3445 τὸν
616 3385 727 3465 τρόπον
756 3377 856 3464 ὥσπερ
885 3378 920 3444 ἐκ
948 3386 1105 3465 στομάτων
1133 3375 1292 3467 ὖπερίλοον
1319 3377 1485 3468 ἀλλήλους

404 3490 620 3559 καταπίνοντες
645 3490 684 3550 τὰ
713 3487 865 3573 φιλήματα
887 3491 940 3551 καὶ
963 3491 1016 3552 τὸν
1039 3484 1119 3551 οίνον
1141 3495 1204 3557 τοῖς
1224 3489 1338 3573 χείλεσι
1360 3509 1484 3573 κεκρα-

299 3649 300 3654 ,
405 3598 493 3678 μένον
517 3592 604 3680 μέχρι
626 3597 679 3658 καὶ
701 3590 794 3678 αὐτῆς
816 3593 1009 3678 παρέπεμπον
1030 3592 1165 3677 καρδίας.

332 3698 416 3764 Phil.
440 3699 536 3782 imag.
564 3698 633 3764 In':
671 3697 687 3763 ὁ
721 3704 897 3786 σοφώτατος
928 3701 959 3764 δὲ
991 3696 1085 3764 αἰτιῶν
1118 3701 1162 3764 ἔτι
1195 3683 1310 3785 θερμοῦ
1343 3703 1482 3786 θατέρου

406 3802 499 3871 αὐλοῦ
522 3811 576 3892 τὴν
600 3808 734 3886 γλῶτταν
758 3805 935 3877 ἀνασπάσας
958 3803 1054 3870 ἐσθίει
1076 3809 1130 3871 καί
1148 3809 1197 3871 τὸν
1214 3804 1372 3892 Ὄλυμπον
1399 3804 1481 3874 οὔτω

405 3915 500 4000 φιλεῖν
525 3913 624 3990 οἴεται,
649 3917 721 4000 φησὶ
745 3914 776 3976 δὲ
798 3917 851 3975 καὶ
875 3911 1078 3994 &recensebat
1101 3922 1153 3977 rori
1176 3915 1352 4000 πνείιματος.

334 4019 441 4086 Etiam
466 4018 507 4085 de
531 4021 617 4106 pomi
641 4020 674 4083 in
698 4019 813 4084 ritibus
836 4017 1034 4103 nuptialibus
1049 4029 1211 4084 momento
1226 4018 1319 4096 ἰαστί)
1335 4020 1478 4103 egimus.

247 4126 284 4191 Iu
309 4125 449 4213 epistula
463 4125 556 4190 XXV
580 4125 704 4192 iuvenis
729 4124 848 4208 virgini
867 4145 995 4212 pomum
1016 4125 1163 4210 porrigit,
1188 4124 1274 4210 quod
1290 4125 1479 4194 comederet

246 4240 344 4299 antea
367 4234 410 4298 ab
433 4233 506 4319 ipso
530 4231 750 4316 degustatum:

336 4393 357 4459 ¹)
386 4393 440 4458 Qui
465 4394 542 4450 locus
566 4411 598 4448 eo
622 4392 724 4462 dignus
749 4395 800 4455 est,
829 4393 878 4461 qui
901 4395 1141 4458 commemoretur,
1172 4393 1247 4461 quod
1270 4393 1357 4448 etiam
1381 4391 1477 4450 Philo·

245 4484 367 4538 stratum
386 4482 527 4539 iuniorem
547 4481 719 4537 Aristaeneti
738 4481 845 4537 iontem
864 4481 995 4537 ostendit.

334 4570 357 4637 ί)
377 4569 418 4627 Of.
438 4589 503 4642 pag.
524 4573 548 4626 6.

334 4657 357 4725 ³)
377 4659 418 4714 Of.
439 4679 504 4730 pag.
524 4665 549 4715 e.
