3020 5104
532 1173 803 1261 Prooemium.

144 1439 248 1560 Raro
272 1491 369 1558 hodie
388 1492 431 1576 fit,
457 1499 491 1556 ut
510 1491 706 1557 Aristaeneti
730 1491 886 1575 epistulas
910 1489 1027 1572 aliquis
1051 1490 1149 1574 legat,
1178 1510 1283 1572 neque

56 1611 168 1668 tamen
184 1600 303 1684 dignae
327 1605 400 1665 sunt
423 1619 507 1681 quae
525 1600 623 1684 plane
644 1598 806 1664 oblivione
826 1599 1014 1680 obruantur,
1038 1617 1113 1661 nam
1128 1597 1285 1681 praebent

55 1708 242 1793 exemplum
265 1707 342 1772 utile
366 1705 410 1770 ad
431 1708 587 1771 rationem
606 1706 695 1769 illam
716 1703 1011 1788 demonstrandam,
1037 1724 1100 1786 qua
1119 1704 1285 1789 sophistae

57 1821 90 1880 et
113 1815 258 1882 rhetores
280 1815 478 1880 recentiores
505 1814 554 1878 usi
583 1820 666 1896 sunt,
699 1819 734 1876 ut
764 1811 941 1896 discipulos
965 1831 1041 1877 suos
1066 1810 1219 1877 docerent
1243 1830 1285 1876 ex

58 1922 226 1988 meliorum
241 1928 407 1986 auctorum
420 1919 563 1985 flosculis
578 1919 733 2003 epistulas
750 1926 782 1984 et
795 1918 935 1984 fabellas
950 1918 1117 2000 eleganter
1130 1937 1285 2003 pangere.

59 2028 179 2094 Omnes
212 2029 265 2110 qui
298 2028 493 2092 Aristaeneti
526 2026 682 2111 epistulas
713 2025 859 2109 legerint,
894 2032 996 2091 artem
1029 2027 1181 2110 auctoris,
1222 2045 1287 2107 qua

58 2134 200 2217 undique
224 2134 380 2200 collectos
392 2132 544 2198 flosculos
563 2135 609 2197 ita
624 2134 784 2217 conexuit,
808 2137 843 2196 ut
863 2151 927 2196 una
946 2133 1086 2217 epistula
1105 2133 1285 2214 exsisteret,

59 2242 284 2307 admirabilem
308 2260 381 2307 esse
405 2239 594 2324 concedent,
624 2260 663 2305 ac
688 2238 862 2305 dolendum
886 2246 945 2323 est,
980 2238 1066 2321 quod
1090 2238 1131 2304 de
1155 2245 1287 2304 auctore

59 2347 139 2412 nibil
171 2349 232 2414 nisi
270 2353 410 2413 aetatem
448 2367 513 2429 qua
549 2349 667 2412 vixerit
704 2348 832 2412 scimus.
888 2345 938 2410 Ex
969 2348 1063 2431 primi
1097 2347 1181 2411 enim
1213 2346 1288 2411 libri

60 2456 201 2541 epistula
222 2455 341 2539 XXVI,
365 2456 398 2518 in
418 2474 482 2536 qua
500 2455 695 2519 mentionem
717 2454 796 2519 facit
819 2453 1064 2531 Caramalli1)
1087 2454 1286 2538 pantomimi,

58 2563 114 2645 qui
139 2563 209 2647 ipse
233 2581 297 2626 non
325 2561 422 2644 longe
446 2561 487 2626 ab
517 2567 625 2626 aetate
650 2560 801 2626 Sidonii
834 2560 1075 2645 Apollinaris
1106 2559 1285 2642 florebat2),

58 2676 202 2735 aetatem
225 2668 422 2734 Aristaeneti
445 2666 638 2734 concludere
661 2687 841 2752 possumus.
889 2667 1008 2734 Omnes
1024 2674 1131 2732 autem
1147 2667 1287 2747 reliquas

59 2798 111 2843 res
134 2777 222 2842 vitae
246 2777 316 2841 eius
338 2775 536 2859 ignoramus,
561 2776 636 2856 quin
661 2776 758 2840 etiam
782 2773 919 2859 luerunt,
944 2777 998 2856 qui
1013 2809 1055 2820 -
1069 2793 1143 2840 mea
1157 2771 1287 2855 quidem

58 2884 222 2950 sententia
235 2884 351 2947 iniuria
370 2917 405 2929 -
424 2881 618 2965 dubitarent,
637 2903 712 2948 num
733 2884 854 2948 auctori
870 2902 984 2948 revera
1007 2902 1123 2946 nomen
1146 2882 1288 2946 Aristae-

59 2998 154 3057 netus
193 2991 312 3057 fuerit(
367 2988 434 3056 Sed
471 2991 523 3056 vel
560 2988 604 3053 ad
636 2996 777 3056 aetatem
819 2991 984 3074 scriptoris
1026 2985 1288 3072 cognoscendam

59 3096 185 3180 aliquid
225 3097 348 3163 fructus
389 3096 593 3180 redundabit,
636 3099 664 3161 si
697 3095 738 3162 de
771 3104 840 3162 arte
878 3116 942 3178 qua
977 3115 1055 3162 usus
1091 3101 1141 3162 est
1178 3101 1210 3160 et
1246 3092 1287 3159 de

59 3205 248 3272 auctoribus
272 3224 352 3286 quos
376 3210 506 3270 secutus
530 3210 588 3287 est,
614 3205 801 3269 constiterit.

150 3325 245 3404 Quod
264 3329 300 3392 E.
321 3327 452 3394 Robde
482 3335 514 3394 et
537 3328 573 3392 E.
602 3326 758 3395 Norden
787 3293 965 3394 docuerunt
993 3329 1165 3411 scriptores
1194 3326 1288 3391 eroti-

58 3455 173 3502 carum
229 3434 436 3520 epistularum
491 3441 523 3500 et
575 3433 767 3501 fabellarum
817 3436 961 3520 inprimis
1017 3432 1288 3519 descriptionibus

151 3629 173 3695 ¹)
196 3629 240 3681 ἕνα
264 3627 289 3680 δὲ
317 3628 550 3700 μόνον·προοφυῶς
577 3629 718 3702 μιμουμένη
741 3630 781 3681 τὸν
808 3626 984 3700 Καράμαλλον
1017 3628 1058 3680 τὸν
1085 3628 1148 3679 πάνυ
1172 3626 1288 3679 ἁπάντων

57 3718 129 3790 ἔχεις
147 3719 195 3790 τὴν
212 3717 317 3790 μίμησιν
336 3715 437 3791 ἀκριβῆ,

153 3826 175 3894 ²)
193 3827 381 3882 Mercerius
400 3831 429 3883 et
447 3828 696 3883 Boissonadius
716 3830 864 3883 senserunt
885 3825 1006 3896 quidem,
1030 3824 1131 3895 quanti
1153 3823 1290 3880 momenti

60 3915 169 3972 mentio
187 3916 265 3972 illius
285 3915 437 3972 Caramalli
456 3920 537 3982 esset,
556 3934 648 3986 neque
666 3920 762 3973 tamen
781 3915 937 3985 quidquam
956 3915 1121 3971 concludere
1136 3913 1198 3968 ansi
1212 3916 1288 3978 sunt,

58 4006 139 4075 quod
157 4005 193 4060 ed
212 4009 336 4062 aetatem
349 4005 522 4061 Aristaeneti
541 4006 629 4076 ipsius
649 4006 813 4076 pertineret.
851 4004 1016 4073 Quicunque
1035 4021 1100 4059 vero
1116 4001 1289 4058 Aristaeneti

61 4095 151 4151 verba
168 4098 197 4150 et
216 4095 324 4150 Sidonii
343 4093 517 4165 Apollinaris
535 4113 632 4151 versus
652 4113 736 4150 cerm.
755 4094 857 4161 XXIII,
877 4094 1015 4149 aes-71:
1043 4109 1136 4147 coram
1154 4100 1178 4146 te
1203 4094 1289 4146 Gora·

61 4187 162 4240 errollus
175 4193 223 4238 out
237 4186 376 4240 Phabaton
390 4187 491 4239 clausis
504 4186 631 4251 saucibus
644 4193 668 4238 et
682 4187 800 4254 loquente
811 4191 896 4254 peste,
911 4191 987 4248 nutu,
1002 4200 1091 4249 crure,
1103 4199 1182 4251 penu,
1196 4199 1289 4245 manu,

60 4281 162 4328 rotatu.
186 4311 193 4324 .
218 4316 223 4328 .
253 4274 414 4341 contulerit,
442 4273 632 4330 Caramallum
660 4272 805 4330 Consentii
831 4273 908 4328 illius
937 4291 955 4328 a
982 4271 1095 4327 Sidonio
1124 4270 1235 4327 laudati
1262 4274 1290 4325 et

63 4361 236 4419 Aristaeneti
274 4363 394 4420 eundem
430 4363 517 4420 fnisse
554 4363 699 4418 indicabit.
759 4362 1005 4418 Aristaenetus
1037 4359 1149 4430 igitur
1180 4358 1289 4414 medio

64 4453 201 4509 saeculo
230 4453 352 4522 quinto
381 4453 514 4508 floruit.
544 4481 577 4490 —
610 4450 651 4506 (lt.
680 4455 828 4524 praeterea
857 4451 1083 4506 Schradernm
1110 4450 1140 4504 in
1168 4447 1290 4520 praelat.

60 4541 131 4597 edit.
150 4541 259 4598 Musaei
276 4561 305 4614 p.
323 4541 401 4596 XXV
420 4561 461 4612 sq.

1114 4628 1128 4679 1
