3020 5104
735 716 860 801 Caput
883 717 926 784 11.

221 897 339 992 Quos
376 906 571 971 auctores
599 897 893 972 Aristaenetus
925 897 1115 991 inprimis
1148 899 1462 992 compilaverit.

310 1054 483 1140 Sophistae
512 1057 708 1121 recentiores
745 1076 786 1120 ex
819 1057 948 1140 optimis
984 1057 1171 1123 auctoribus
1213 1076 1272 1122 sua
1307 1059 1461 1142 ipsorum

222 1164 344 1246 scripta
360 1182 552 1246 componere
563 1160 736 1226 studebant
751 1169 783 1227 et
798 1183 854 1228 cos
865 1165 1063 1245 argumentis
1075 1170 1107 1229 11
1121 1163 1225 1228 forma
1234 1164 1463 1230 imitabantur.

220 1269 334 1351 Neque
358 1276 465 1335 tamen
480 1269 679 1335 inveniemus
701 1269 887 1355 sophistam,
913 1271 967 1352 qui
985 1269 1091 1336 fontes
1111 1290 1187 1336 suos
1206 1277 1272 1335 tam
1292 1271 1463 1336 serviliter

222 1378 431 1461 exscripserit
467 1395 566 1458 quam
614 1377 847 1442 Aristaenetus.
914 1375 1143 1459 Quaecumque
1187 1379 1271 1443 enim
1308 1398 1348 1443 ex
1394 1379 1462 1444 alio

224 1489 357 1548 auctore
381 1484 527 1568 sumpsit,
550 1482 641 1546 nulla
663 1481 732 1548 fere
756 1489 812 1547 aut
835 1492 922 1549 certe
945 1503 1048 1568 parva
1072 1486 1250 1550 mutatione
1273 1483 1305 1548 in
1328 1490 1462 1550 textum

225 1609 317 1657 suum
363 1590 505 1672 inseruit,
552 1596 595 1672 et,
641 1588 675 1653 id
700 1588 804 1681 'quod
850 1610 913 1655 non
959 1591 1059 1656 semel
1096 1590 1224 1668 accidit,
1270 1597 1335 1656 tam
1382 1591 1462 1656 laxe

225 1699 386 1779 conexuit,
424 1702 468 1779 ut,
506 1696 593 1777 quod
629 1697 662 1761 in
695 1696 784 1762 tonte
822 1699 940 1782 optime
978 1697 1228 1781 intellegeretur,
1271 1697 1315 1762 ad
1351 1699 1463 1783 ipsius

225 1810 408 1868 contextum
433 1803 562 1868 minime
586 1802 769 1885 quadraret.
820 1803 1057 1871 Nihilominus
1090 1811 1254 1870 auctorem
1286 1807 1462 1891 permultis

224 1911 306 1975 loeis
329 1929 449 1992 magna
472 1931 544 1976 cum
569 1911 732 1994 elegantia
760 1918 793 1976 et
816 1909 993 1976 subtilitate
1017 1932 1059 1977 ex
1080 1911 1222 1977 fontibus
1250 1932 1291 1977 ea
1314 1912 1462 1995 elegisse

226 2016 467 2082 concedendum
483 2024 541 2101 est,
567 2037 650 2100 quae
665 2016 819 2082 facillime
834 2017 920 2083 nullo
936 2019 1074 2102 vestigio
1089 2019 1203 2084 relicto
1222 2020 1270 2083 ita
1287 2021 1461 2100 insereret,

225 2130 260 2189 ut
282 2143 348 2188 una
371 2123 531 2205 quaedam
556 2125 697 2208 epistula
714 2125 898 2190 exsisteret.
945 2125 1079 2190 Fontem
1102 2127 1208 2210 ipsum
1231 2127 1462 2190 Aristaenetus

225 2250 330 2313 neque
353 2232 625 2312 nominataeque
653 2230 776 2296 indicat
802 2232 863 2296 nisi
882 2231 947 2296 illis
964 2232 1054 2313 locis,
1080 2232 1206 2315 quihus,
1230 2238 1264 2296 ul
1285 2238 1355 2297 erat
1377 2253 1460 2314 mos,

225 2337 478 2402 familiaritatem
489 2359 579 2403 suam
591 2359 662 2404 cum
673 2339 836 2403 Homero
848 2339 900 2404 vel
910 2338 1078 2404 Hesiodo
1089 2341 1200 2404 initam
1216 2338 1460 2418 demonstretl)

226 2445 314 2509 luter
336 2442 442 2510 fontes
475 2450 581 2509 autem
605 2444 703 2528 ipsos,
729 2465 770 2510 ex
793 2443 908 2526 quibus
932 2445 1154 2510 Aristaenetus
1176 2444 1294 2528 hausit,
1332 2447 1460 2529 primus

225 2551 337 2615 Plato
361 2551 575 2616 nominandus
604 2559 662 2635 est,
688 2549 731 2615 ad
755 2570 850 2633 quem
873 2552 1160 2636 locupletissimum
1185 2551 1335 2619 rhetoris·
1353 2539 1460 2617 nostri
1498 2607 1499 2636 ,

226 2658 347 2723 sontem
371 2659 434 2722 iam
459 2678 518 2723 uos
541 2665 714 2724 vertamus.

360 2861 388 2902 α.
415 2835 458 2903 lle
483 2835 633 2904 Platonis
657 2835 795 2920 scriptis
819 2835 860 2904 alr
883 2835 1096 2904 aristaeneto
1121 2835 1318 2920 compilatis.

315 2963 409 3027 Duae
433 2981 484 3026 res
507 2962 681 3045 praecipue
706 2960 793 3024 haud
817 2963 884 3026 scio
909 2981 950 3026 an
965 2962 1204 3027 Aristaenetum
1227 2960 1269 3025 ad
1284 2961 1456 3027 Platonem

226 3067 391 3138 duxerint:
434 3074 466 3133 11
503 3069 644 3134 varietas
680 3070 851 3151 materiae,
895 3088 978 3150 quae
1016 3070 1046 3133 ei
1081 3070 1114 3133 in
1146 3068 1291 3133 Platonis
1324 3070 1457 3155 scriptis

227 3175 427 3259 occurrebat,
453 3173 535 3240 adeo
551 3181 586 3240 ut
599 3176 707 3240 omnia
729 3174 808 3259 fere,
833 3174 1154 3258 quorumindigerct,
1179 3173 1267 3259 apud
1284 3175 1456 3241 Platonem

226 3283 370 3347 invenire
380 3289 501 3367 posset,
522 3289 554 3346 11
564 3280 703 3346 studium
720 3281 869 3365 ,attice‘
885 3281 1135 3364 seribendi3hoc
1152 3283 1235 3346 enim
1250 3281 1456 3366 iampridem

228 3395 356 3455 constat
379 3388 542 3474 sophistas
570 3391 766 3454 recentiores
792 3396 824 3453 et
846 3390 991 3474 inprimis
1014 3389 1196 3454 fabularum
1216 3391 1456 3454 romanensium

226 3498 401 3581 scriptores
434 3515 545 3560 omnes
576 3495 643 3560 fere
676 3497 842 3577 antiquum
874 3497 1015 3560 Atticum
1048 3514 1228 3562 sermonem
1261 3496 1294 3560 iu
1326 3496 1457 3580 scriptis

227 3603 294 3669 suis
321 3605 464 3668 imitatos
487 3623 570 3669 esse.
621 3601 713 3678 Quae
741 3605 839 3686 igitur
862 3604 1084 3668 Aristaenetus
1108 3623 1126 3668 1
1148 3603 1285 3668 Platone
1308 3605 1455 3688 sumpsit,

227 3712 260 3775 in
284 3717 406 3774 textum
430 3729 522 3774 suum
544 3729 603 3793 pro
627 3730 706 3794 puro
736 3710 842 3775 Attico
867 3729 1013 3774 sermone
1042 3711 1184 3775 inserere
1213 3711 1325 3793 potuit.
1380 3711 1455 3776 Per-

227 3823 356 3900 gratum
388 3836 514 3898 quoque
552 3815 680 3900 accidit,
723 3815 810 3898 quod
850 3816 943 3880 Plato
986 3817 1203 3901 amplissimas
1250 3817 1455 3898 quaestiones

227 3924 270 3990 de
302 3944 411 3989 amore
449 3924 607 4008 praebuit,
645 3942 726 4005 quas
763 3925 986 3989 Aristaenetus
1024 3921 1269 4007 diligentissime
1306 3923 1387 4007 legit
1424 3931 1456 3987 et

227 4030 346 4116 cupide
370 4031 539 4115 expressit.

318 4206 338 4272 1)
358 4207 535 4264 Homerum
561 4205 631 4261 citat
653 4207 684 4260 in
708 4225 751 4278 ep.
777 4209 797 4261 I.
818 4208 847 4263 1:
876 4203 1011 4275 ὁακινθὶνῳ
1030 4204 1104 4258 ἄνθει
1123 4205 1188 4257 καθ’
1202 4201 1317 4276 Ὅμηρον
1336 4203 1454 4276 ἐμφερής.

227 4297 248 4350 Ι,
264 4297 293 4351 3:
318 4291 416 4365 ,tuna
434 4295 476 4346 καὶ
495 4293 560 4364 ῥοιαὶ
578 4295 621 4345 καὶ
639 4291 734 4365 μηλέαι
752 4291 935 4365 ἂγλαόιιαρποΰ
954 4294 1020 4365 φαίη
1038 4313 1074 4356 τις
1094 4294 1124 4345 ἂν
1143 4293 1335 4365 καθομηρὶζων.
1373 4296 1454 4351 1-122

227 4380 280 4454 ἔφη
297 4401 333 4444 τις
352 4382 382 4433 ἂν
401 4382 516 4454 ἐρωτικὸς
534 4385 643 4455 ποιητὴς
662 4382 846 4456 καθομηρίζων
865 4383 948 4456 ἡιιᾱς·
967 4383 1082 4436 ἀσπάσιοι
1101 4383 1212 4455 λέκτροιο
1230 4381 1339 4436 παλαιοῦ
1361 4384 1453 4454 θεσμὸν

226 4470 318 4527 ἵκοντο.
347 4474 515 4531 Hesiodus
534 4474 697 4531 nominatur
709 4475 739 4529 in
754 4491 797 4545 ep.
818 4476 837 4527 I.
855 4475 900 4529 10:
920 4471 957 4542 ‚od
971 4479 1036 4544 τρεῖς
1054 4473 1117 4524 καθ’
1134 4471 1250 4525 ‘Heiutus
1263 4469 1332 4524 ἀλλὰ
1347 4471 1452 4524 δεκάδων

227 4561 382 4633 περιεχόρευε
402 4560 483 4623 δεκάς.
