3020 5104
154 529 217 592 Ars
245 526 423 610 sophistica
451 526 574 592 amavit
601 525 835 612 descriptiones
863 535 998 594 naturae
1027 526 1122 607 adeo,
1154 536 1189 594 nt
1208 530 1293 597 haec

60 633 266 702 consuetudo
289 652 449 718 persaepe
473 633 671 718 illuderetur,
700 640 735 699 nt
758 654 778 697 a
800 633 1026 717 Plutar·oho;¹)
1057 654 1163 718 neque
1185 642 1294 703 tamen

60 743 211 808 rhetores
243 741 328 806 hane
356 760 424 806 rem
454 739 653 827 dimiserunt,
687 740 839 822 quoniam
866 743 899 806 in
922 744 1002 826 ipsis
1026 741 1295 828 descriptionibus

61 848 206 914 maxime
228 848 394 932 ingenium
417 866 510 914 suum
534 854 566 912 et
588 853 691 912 artem
714 859 893 914 monstrare
917 856 1076 933 poterant.
1124 847 1215 925 Quae
1240 849 1294 916 de-

64 958 258 1041 scriptiones
299 960 331 1019 et
370 953 472 1019 libere
513 955 680 1036 soluteque
728 953 970 1021 adhibebantur
1002 962 1038 1020 et
1078 957 1115 1020 in
1148 955 1295 1022 modum

62 1062 335 1128 exornationis
378 1059 561 1144 cuiusdam,
604 1062 733 1142 qualem
774 1061 949 1146 praecipue
992 1060 1079 1147 apud
1120 1065 1294 1148 scriptores

60 1171 205 1234 eroticos
228 1169 418 1232 invenimus.

156 1294 263 1378 Saepe
294 1293 522 1377 contemplatio
551 1305 684 1358 naturae
713 1295 779 1358 exit
806 1293 838 1358 in
868 1292 1117 1378 descriptionem
1140 1294 1295 1380 viridarii,

59 1403 117 1479 cni
151 1408 240 1467 certa
271 1399 376 1465 forma
407 1401 610 1485 praescripta
641 1408 704 1485 est,
744 1420 840 1482 quam
872 1402 977 1484 ipsam
1011 1407 1043 1465 et
1075 1422 1116 1467 ex
1149 1403 1295 1487 epistulis

58 1495 197 1575 creticis
225 1513 257 1572 et
284 1526 325 1571 ex
353 1505 426 1571 aliis
454 1505 672 1592 sophistarum
700 1507 829 1592 scriptis
859 1515 955 1572 etex
983 1509 1127 1589 reliquiis
1149 1516 1295 1576 veterum

59 1618 263 1700 picturarum
286 1614 475 1696 novimus32)
500 1615 554 1694 qui
578 1613 751 1697 scriptores
772 1613 847 1678 huic
868 1615 929 1678 arti
949 1616 1088 1680 maxime
1107 1614 1296 1702 studuerint,

58 1719 271 1802 Rchdius³l
304 1719 460 1804 ostendit,
495 1740 598 1802 neque
627 1719 758 1784 dubium
788 1727 837 1786 est
870 1719 945 1802 quin
974 1727 1006 1786 et
1037 1722 1095 1786 illa
1126 1721 1209 1787 horti
1242 1723 1296 1789 de-

59 1830 215 1913 scriptio,
254 1848 350 1911 qnam
387 1828 611 1893 Aristaenetus
647 1829 680 1892 in
713 1827 852 1912 epistula
884 1829 952 1895 Ι.3
988 1833 1181 1915 composuit,
1214 1833 1297 1896 inter

59 1937 206 2021 optimas
229 1934 431 2000 numeranda
455 1936 505 2000 sit.
553 1934 619 2001 Sed
648 1937 713 1999 iam
741 1935 803 2001 hoc
827 1936 959 2001 missum
982 1935 1140 2001 faciamus
1164 1943 1196 2002 et
1219 1957 1292 2003 con·

59 2043 258 2127 templemur
282 2041 425 2124 singula:
746 2027 750 2035 ⁹

510 2206 513 2211 -
549 2167 721 2251 epistula
753 2167 819 2230 ΙΙΙ.

156 2293 192 2355 ln
215 2290 271 2355 illc
294 2290 387 2356 horto
412 2291 568 2356 amatorio
593 2311 729 2376 caespes
753 2291 858 2368 mollis
883 2289 926 2356 ad
949 2293 1090 2374 quietem
1113 2292 1240 2357 invitat:

227 2402 288 2463 καὶ
320 2405 389 2462 πόα
421 2402 613 2484 μαλθακή,
647 2396 694 2487 ἐρ’
717 2399 755 2486 ἧς
783 2398 865 2486 ἥδιον
889 2402 1159 2486 κατακλιθῆναι
1197 2398 1216 2484 ἢ
1247 2400 1295 2463 ἐπὶ

226 2514 287 2571 τῶν
309 2507 571 2571 πολυτελεστάτων
597 2508 734 2570 δαπίδων.

157 2629 311 2696 Similiter
334 2628 413 2694 dicit
435 2630 649 2697 Philostratus
671 2631 704 2695 in

156 2742 255 2820 imag.
278 2735 348 2809 Ιςί
385 2743 456 2802 πόα
484 2735 605 2823 ἁπαλὴ
633 2738 756 2825 κατέχει
783 2740 853 2809 τοὺς
881 2741 1010 2824 δρόμους
1033 2737 1082 2803 οἵα
1104 2742 1157 2804 καὶ
1179 2761 1293 2804 κατα-

227 2846 393 2909 κλιθέντι
415 2849 580 2930 στρωμνὴ
606 2843 689 2909 εἶναι.

156 2969 276 3034 Variae
299 2969 432 3033 arbores
455 2970 488 3032 in
511 2969 567 3034 illo
591 2968 683 3034 horto
709 2975 944 3053 enumerantur,

227 3074 354 3160 ἄμπελοι
378 3076 408 3139 δὲ
431 3081 602 3162 παραμήκεις
624 3077 741 3163 σφόδρα
763 3101 794 3140 τε
818 3071 931 3162 ὑψηλαὶ
953 3076 1184 3160 περιελίττονται
1198 3097 1295 3139 κυπα-

227 3182 349 3266 ρίττοις.
395 3183 545 3255 πλάτανος
568 3187 618 3266 μὲν
643 3181 818 3269 ἀμφιλαφής
841 3205 870 3246 τε
893 3187 946 3246 καὶ
969 3185 1090 3254 cucuso<

155 3325 260 3389 neque
283 3305 400 3372 desunt
423 3307 555 3373 arbores
578 3305 771 3390 pomiferae:

227 3413 331 3497 δένδρα
353 3414 452 3477 πολλὰ
475 3409 597 3496 ὀπώρας
619 3415 803 3501 πληδὺοντα,
832 3410 946 3500 atandri
975 3418 1025 3498 μὲν
1052 3415 1119 3485 τοὺς
1147 3411 1293 3498 ὄρπηκας,

227 3526 370 3608 πάμφορα
393 3522 424 3584 δὲ
447 3522 498 3584 τὸν
520 3525 644 3603 καρπόν.

155 3644 367 3710 Philostratus
400 3643 530 3727 quidem
561 3644 594 3707 in
626 3644 821 3727 imaginibus
855 3642 896 3709 de
924 3643 1068 3728 pulchris
1095 3643 1196 3708 hortis
1219 3644 1292 3707 viri-

63 3751 230 3834 dariisque
271 3759 395 3834 narrat,
442 3757 476 3816 ut
516 3754 645 3816 omnino
687 3751 799 3816 formis
844 3752 1011 3834 regionum
1057 3749 1100 3814 ad
1142 3749 1293 3816 eximiam

62 3857 336 3944 pulchritudinem
371 3859 467 3942 pictis
501 3857 598 3924 valde
632 3857 826 3940 delectatum
864 3877 969 3940 neque
1006 3864 1115 3922 tamen
1151 3857 1293 3922 Aristae-

63 3972 170 4049 netus,
212 3984 406 4047 quamquam
438 3964 527 4030 haud
559 3966 625 4031 scio
667 3985 709 4030 an
740 3983 799 4049 per
830 3963 1059 4029 Philostratum
1092 3963 1136 4028 ad
1167 3963 1294 4030 hortum

64 4071 314 4138 describendum
343 4070 503 4137 adductus
527 4074 581 4156 sit,
610 4073 643 4137 in
671 4071 732 4136 hac
759 4091 794 4136 re
825 4091 897 4136 eum
926 4072 1105 4156 exscripsit,
1135 4069 1231 4154 quod,
1260 4075 1294 4134 ut

158 4248 169 4283 1

156 4248 179 4406 ’λ
198 4249 239 4394 ἓξ.
254 4251 310 4393 311¹
301 4250 505 4396 λλῒδὲτλδπαα
528 4338 580 4393 Die
595 4337 767 4395 Landschalt
786 4339 816 4392 in
840 4339 889 4392 der
908 4337 1000 4391 Kuust
1019 4338 1068 4391 der
1087 4336 1165 4391 alten
1179 4336 1292 4402 Volker,

64 4449 93 4500 p.
113 4428 244 4586 2283)εὲδί
259 4517 424 4575 Rohdinm
439 4537 466 4589 p.
477 4517 539 4574 541.
559 4553 561 4560 ,
576 4516 690 4573 Pulchri
707 4516 783 4572 horti
798 4516 1007 4572 describuntur:
1027 4515 1063 4572 ab
1081 4514 1191 4572 Achille
1210 4514 1292 4570 Tatio

66 4611 78 4664 l
97 4608 141 4676 ts,
159 4608 256 4678 Longo
275 4608 314 4662 IV
333 4609 359 4675 2,
377 4607 478 4663 Nonno
497 4606 578 4662 Dion.
598 4605 638 4660 Ill
657 4606 717 4661 165.
1098 4690 1132 4747 3*
