3020 5104
649 317 691 380 29

40 510 89 576 δι’
115 508 284 597 ὑπερβολὴν
310 521 379 575 τῶν
411 508 513 575 ’ένδον
541 508 722 594 διπρόσωπος
746 509 819 576 εἶναι
843 513 961 594 δοκεῖβ)
995 509 1082 593 quod
1106 513 1287 595 comparari

42 626 168 703 potest
191 637 262 684 oum
296 617 453 682 similibus
486 618 594 683 verbis
622 618 655 682 in
687 616 873 684 Philostrati
897 619 1036 702 epistula
1060 621 1117 686 65:

218 740 243 806 εί
267 744 298 806 δὲ
321 747 373 806 καί
397 740 575 826 ἀποδὺση,
601 740 776 827 ἀστράπτειν
798 745 840 806 τὰ
863 741 963 808 ἔνδον
986 741 1110 828 οἶμαβ)

148 865 356 932 Pnlohritudo
371 866 469 931 iaoiei
487 865 629 932 vultibus
650 865 776 933 infestis
795 873 955 951 turpatum
980 887 1077 949 quam
1096 870 1290 934 sententiam

49 975 283 1040 Aristaenetus
306 975 339 1037 iu
363 973 503 1057 epistula
525 973 628 1038 XVII.
652 975 747 1059 primi
769 975 843 1040 libri
866 975 913 1039 sio
937 975 1101 1059 exprimit:

221 1101 262 1184 μὴ
294 1100 547 1182 σκυδρώπαζε,
579 1102 661 1186 καλή
689 1119 723 1179 γε
755 1095 840 1174 οὖσα,
874 1100 949 1185 μηδὲ
971 1103 1027 1171 τὰς
1049 1097 1143 1186 ὀφρῦς
1166 1103 1290 1182 συναγε·

220 1201 245 1268 εἰ
266 1197 381 1292 φοβερὰ
403 1209 507 1284 γένοιο,
531 1203 622 1291 ηττον
644 1203 700 1289 ἔση
724 1209 816 1290 καλή.

150 1329 304 1396 Similiter
327 1329 540 1395 Philostratus
564 1331 597 1396 in

150 1477 203 1540 ep.
227 1458 283 1524 24:
315 1459 412 1528 καλὸς
444 1453 635 1540 δ’ἇνδρωσος
666 1459 719 1521 καί
751 1459 793 1542 μὴ
826 1459 960 1536 γελάσας
992 1458 1088 1537 λυπεῖ,
1122 1461 1164 1542 μη
1198 1479 1226 1520 τι
1258 1477 1293 1536 γε

222 1567 520 1647 σκυθρωπότερος
547 1561 653 1628 ἑουτου
676 1567 846 1650 γενόμενος·
879 1559 913 1626 οδ
940 1567 1043 1646 πρέπει
1072 1558 1098 1626 δ’
1123 1558 1184 1626 οὐδ’
1214 1560 1292 1648 ἡλίῳ

222 1672 254 1735 τδ
277 1673 434 1754 πρόσωπον
456 1671 567 1758 νεφέλη
591 1671 808 1735 amburentur.

152 1795 207 1860 vel
230 1795 262 1858 in
286 1813 337 1879 ep.
362 1796 419 1860 25:

223 1923 275 1984 καὶ
307 1921 362 1991 τὰς
393 1915 511 2003 Ἐρινῦς
542 1915 706 2005 Εὐμενίδας
737 1921 902 2005 καλοῦμεν,
939 1917 982 1990 ὡς
1013 1922 1046 1982 τδ
1079 1922 1292 2003 σκυθρωπὸν

225 2024 436 2111 ἀρνουμένοις..
461 2029 502 2112 μη
526 2035 654 2111 τραχεῖα
676 2031 781 2108 γίγνου,
807 2029 848 2112 μη
873 2027 1024 2112 φοβερά,
1053 2029 1095 2112 μη
1124 2023 1293 2110 ἀποστεροί)

223 2137 256 2198 τὸ
280 2135 405 2204 κάλλος.

154 2257 324 2323 Sententia
346 2258 445 2340 igitur
468 2254 557 2342 apud
580 2263 748 2338 utrumque
773 2260 937 2324 anatolem
961 2261 1010 2321 est
1034 2254 1159 2340 eadem,
1187 2255 1294 2322 Philo-

56 2370 185 2432 stratus
209 2371 316 2430 autem
340 2383 412 2429 eam
436 2363 567 2428 uberius
591 2365 749 2448 exposuit.

154 2490 318 2573 Persaepe
342 2487 565 2554 Aristaenetus
588 2507 755 2573 personas,
780 2507 862 2570 quas
885 2490 919 2552 in
942 2487 1089 2573 epistulis
1112 2486 1236 2572 laudat,
1260 2495 1296 2552 ut

58 2603 137 2664 erat
159 2615 239 2680 mos,
264 2615 338 2662 oum
361 2597 476 2660 statuis
500 2594 633 2661 deorum
655 2596 709 2662 vel
736 2594 870 2661 heroum
894 2601 1071 2680 eomparat,
1095 2601 1130 2660 ut
1156 2594 1296 2680 pulehri·

58 2703 209 2770 tudinem
232 2702 347 2768 melius
371 2701 540 2784 significet.
587 2703 642 2768 Sia
665 2704 698 2768 in

156 2848 205 2912 ep.
228 2827 253 2893 Ι.
271 2830 300 2909 l,
325 2825 366 2892 de
390 2828 530 2910 virgine:

227 2947 315 3016 oham
347 2963 410 3037 της
441 2954 631 3037 θαλάττης
660 2956 725 3037 τὴν
752 2951 968 3040 Ἀφροδίτην
998 2949 1181 3036 εὐπρεπῶς
1212 2975 1297 3037 τρο-

228 3065 350 3124 υοῦσαν
374 3063 569 3146 γράφουσιν
593 3059 623 3123 οἱ
646 3063 840 3148 ζωγράφοι,

61 3204 130 3266 quo
154 3183 227 3248 loeo
252 3189 374 3248 σίτοιο
398 3189 431 3248 et
454 3183 590 3249 sormam
614 3204 634 3247 a
656 3183 852 3249 Philostrato
876 3190 1037 3250 mutuatus
1061 3189 1125 3265 est3
1150 3183 1298 3249 conferas

61 3289 219 3356 Philostr.
244 3310 296 3375 ep.
320 3292 378 3358 36:

228 3411 321 3479 ohta
342 3419 405 3479 ναὶ
428 3419 489 3500 την
514 3412 734 3502 Ἀφροδίτην
757 3420 950 3503 γράφουστν
975 3414 1006 3480 οἱ
1030 3419 1211 3503 ζωγράφοι
1233 3419 1298 3500 τὴν

231 3520 460 3608 ἀνασχσῦσαν
482 3521 522 3586 ἐκ
545 3533 609 3608 της
631 3521 861 3605 δαλάττης.’)

151 3644 283 3711 Eadem
306 3647 397 3728 virgo
422 3665 495 3711 eum
518 3646 668 3731 nymphis
692 3653 911 3731 eomparatur:

231 3750 337 3838 ᾠήθην
361 3750 397 3817 ἄν
420 3775 500 3819 τινα
522 3761 582 3818 τῶν
604 3751 799 3840 Νηρηίδων
823 3751 897 3838 δρᾶν
918 3757 1142 3840 θρυλουμένων,

67 3874 158 3958 quod
180 3879 286 3962 ipsum
309 3876 523 3943 Philostratus
547 3897 674 3960 quoque
698 3876 792 3943 fauit:

161 4003 211 4068 ep.
236 3987 292 4050 32:
316 3987 369 4048 καί
392 3985 439 4048 διὰ
462 3981 540 4049 τοῦτ’
564 3984 634 4050 εἶναι
657 3987 755 4058 δοοτεῖς
777 3983 936 4074 Νυμφῶν
959 3990 1032 4072 μία.

163 4195 184 4263 ¹]
203 4197 244 4252 cf.
265 4197 427 4268 hloiphron‚
447 4199 489 4253 ed.
510 4197 690 4269 Sohepers,
709 4198 811 4268 fragm.
831 4199 856 4253 5.

162 4301 185 4372 ²)
203 4303 360 4360 Consensus
379 4303 527 4374 utriusque
545 4305 601 4360 looi
620 4323 652 4360 eo
671 4304 841 4372 declaratur,
860 4306 943 4374 quod,
968 4306 1000 4359 ut
1018 4321 1105 4374 supra
1123 4303 1254 4369 uidimus,
1273 4307 1302 4358 et

71 4391 260 4448 Philostratus
279 4397 308 4449 et
326 4393 522 4450 Aristaenetus
542 4393 578 4448 ad
597 4393 744 4449 Plutonem
763 4393 892 4450 redeunt.

162 4495 184 4566 ⁸)
217 4499 327 4556 Similes
369 4501 594 4574 comparationes
636 4519 699 4556 oum
737 4499 855 4556 Veneris
894 4501 1020 4571 imagine
1060 4499 1195 4569 leguntur
1227 4499 1304 4571 apud

73 4589 204 4644 Nomium
233 4589 364 4644 lll.119.
401 4589 463 4645 Vll.
486 4591 548 4644 229.
593 4589 901 4658 catu11.61,1osqq.
948 4588 1031 4661 Apul.
1055 4590 1121 4644 met.
1141 4588 1188 4643 IV.
1207 4587 1243 4642 28
1261 4606 1302 4656 sq.
