3020 5104
625 603 1024 714 Argumentum.

771 779 877 786 —n--n

265 884 439 957 Prooemium
465 922 1326 940 .........................
1368 885 1383 938 1

265 972 357 1046 Caput
376 975 396 1028 l.
696 1037 697 1042 ἵ

317 1065 349 1118 A.
370 1064 412 1119 De
430 1064 604 1134 argumentis
624 1062 768 1119 amatoriis
789 1063 824 1118 ab
843 1061 1021 1119 Aristaeneto
1041 1062 1193 1134 propositis
1213 1103 1219 1117 .
1243 1104 1255 1136 Ἴ,
1285 1103 1292 1116 .
1320 1104 1327 1117 .
1367 1065 1386 1116 3

317 1153 348 1209 Β.
368 1153 409 1208 De
418 1152 501 1208 rebus
512 1151 640 1222 singulis,
655 1169 728 1220 qnae
740 1151 772 1205 in
782 1151 954 1208 Aristaeneti
969 1151 1097 1222 epistulis
1114 1169 1177 1207 cum
1187 1153 1332 1208 rhetorum

372 1241 497 1297 artificiis
517 1241 662 1298 amatoriis
681 1244 841 1310 congruunt
859 1280 1328 1296 ..............
1367 1241 1385 1294 4

318 1331 347 1387 C.
371 1333 412 1387 De
429 1330 603 1386 Aristaeneti
621 1347 724 1400 genere
743 1329 855 1386 dicendi
893 1369 1327 1386 .............
1369 1331 1385 1384 1

372 1440 396 1477 a.
425 1421 466 1476 De
484 1421 633 1476 verborum
652 1419 826 1490 temporibus
846 1419 1026 1476 commutatis
1034 1460 1326 1476 .........
1367 1421 1383 1473 7

371 1513 397 1566 b.
425 1511 466 1566 De
485 1509 640 1580 proverbiis
678 1549 1325 1566 ...................
1367 1511 1385 1564 9

372 1620 394 1656 c.
427 1600 468 1655 De
487 1598 744 1670 comparationibus
783 1638 1325 1655 ................
1351 1599 1384 1653 10

372 1690 397 1743 d.
426 1689 468 1744 De
486 1688 623 1755 formulis,
643 1689 744 1757 quibus
763 1689 809 1744 dei
827 1689 997 1745 invocantur
1033 1729 1325 1744 .........
1350 1689 1384 1742 10

318 1779 350 1834 D.
370 1779 411 1834 De
429 1779 571 1834 rhetorica
589 1778 712 1835 dictione
750 1818 1327 1835 .................
1352 1779 1384 1831 11

334 1903 335 1906 =
372 1869 396 1923 1.
425 1868 466 1924 De
485 1867 630 1938 asyndetis
640 1907 1327 1924 ....................
1351 1867 1385 1920 11

371 1959 396 2012 2.
425 1957 466 2013 De
484 1957 666 2028 polysyndeti
684 1975 737 2012 usu
748 1996 1325 2014 .................
1352 1956 1385 2010 12

372 2049 397 2103 3.
425 2047 467 2102 De
486 2045 632 2116 anaphora
643 2086 1327 2102 ....................
1352 2046 1387 2098 12

371 2137 398 2189 4.
425 2136 466 2192 De
485 2135 675 2206 geminatione
713 2174 1326 2192 ..................
1353 2135 1388 2189 13

373 2227 398 2280 5.
427 2226 467 2281 De
486 2226 685 2298 paronomasia
713 2264 1327 2281 ..................
1353 2225 1389 2278 13

425 2313 464 2383 (α.
483 2315 641 2386 polyptota.
681 2314 703 2382 β.
724 2314 797 2370 aliae
817 2313 1082 2381 annominationes.)

373 2406 397 2459 6.
425 2405 467 2461 De
487 2405 663 2475 comparibus
680 2442 1328 2460 ...................
1356 2403 1391 2456 14

426 2495 462 2562 (α,
473 2513 546 2565 pura
556 2494 706 2564 comparia.
735 2493 758 2561 β.
769 2494 874 2550 isocola
885 2513 948 2550 cum
959 2493 1165 2564 contrapositis.
1190 2509 1213 2562 γ.
1227 2491 1334 2547 isocola

426 2603 489 2638 cum
508 2583 758 2650 homoeotelentis.)

375 2674 398 2728 7.
427 2674 468 2729 De
487 2672 678 2729 alliterationc
715 2711 1327 2728 ..................
1355 2670 1392 2724 15

373 2766 398 2818 8.
425 2763 467 2818 De
484 2763 567 2818 litote
609 2800 1327 2818 .....................
1353 2760 1392 2816 15

267 2853 360 2924 Caput
378 2853 412 2906 II.

321 2943 395 3008 Quos
415 2944 543 2997 auctores
567 2941 763 2996 Aristaenetus
787 2941 925 3011 imprimis
950 2939 1147 3010 compilaverit
1179 2978 1328 2994 .....
1354 2940 1393 2992 16
1500 2977 1501 2984 .

373 3049 397 3088 α.
426 3032 468 3087 De
486 3030 613 3086 Platonis
632 3030 745 3100 scriptis
765 3031 800 3085 ab
820 3031 998 3086 Aristaeneto
1018 3028 1177 3099 compilatis
1214 3069 1219 3080 .
1250 3069 1255 3081 .
1283 3069 1289 3081 .
1320 3069 1326 3079 .
1352 3029 1392 3081 16

426 3121 461 3185 (l.
495 3119 635 3191 Apologia
663 3119 794 3175 Socratis.
867 3121 892 3173 2.
921 3119 1114 3188 Enthyphron.
1187 3118 1212 3172 3.
1242 3115 1333 3186 Lysis.

425 3214 450 3264 4.
466 3209 636 3265 Charmides.
673 3211 697 3265 5.
714 3209 841 3279 Gorgias.
887 3210 911 3263 6.
927 3208 1079 3264 Phaedrus.
1116 3209 1140 3260 7.
1157 3205 1331 3262 Convivinm.

426 3301 451 3354 8.
467 3300 645 3355 Theaetetus.
679 3300 704 3353 9.
717 3299 895 3369 Respublica.
928 3298 970 3353 10.
986 3298 1109 3368 epistula
1123 3296 1250 3352 Platonis
1259 3295 1332 3354 vll.)

374 3389 397 3456 β.
427 3391 504 3455 Quae
523 3389 717 3446 Aristaenetus
736 3388 859 3444 Lucieno
879 3389 981 3444 debeat
1000 3425 1327 3442 ..........
1350 3385 1390 3438 22
1500 3449 1501 3452 ¹

373 3498 396 3548 γ.
426 3480 467 3536 De
485 3479 655 3549 Alciphrone
678 3515 1326 3534 ...................
1350 3473 1389 3528 24

374 3567 394 3624 ὃ.
427 3570 468 3624 De
487 3569 673 3639 Xenophonte
691 3568 812 3638 Ephesio
823 3603 1326 3624 ...............
1350 3564 1390 3617 25
1500 3545 1501 3554 ¹

328 3693 329 3696 =
374 3677 393 3712 ε.
427 3659 468 3713 De
487 3658 596 3714 Achille
616 3657 697 3712 Tatio
717 3697 865 3712 .....
897 3699 898 3703 ,
931 3693 1328 3712 ............
1347 3641 1389 3706 '27

374 3747 396 3806 ζ.
414 3817 416 3822 Α
431 3747 480 3814 [De
499 3747 626 3812 Libanio]
646 3781 1328 3803 ....................
1352 3741 1390 3795 28

375 3855 403 3908 η.
427 3837 468 3892 Dc
486 3837 658 3892 Philostrato
683 3872 1327 3892 ...................
1351 3830 1390 3883 28
1500 3835 1501 3854 1

426 3927 459 3980 A.
484 3925 561 3991 Quae
590 3924 663 3980 ratio
691 3924 850 3981 intercedat
876 3925 951 3980 inter
979 3922 1145 3980 Philostrati
1168 3919 1285 3978 sanioris
1305 3923 1333 3976 et

481 4015 653 4070 Aristaeneti
672 4015 808 4085 epistulas
828 4015 946 4071 eroticas
966 4050 1328 4070 ...........
1352 4010 1390 4063 28

428 4107 459 4160 Β.
479 4104 556 4170 Quae
580 4104 774 4160 Aristaenetus
798 4123 813 4160 e
837 4104 1002 4160 Philostrati
1021 4102 1138 4159 senioris
1162 4099 1332 4172 imaginibus
1500 4159 1501 4162 Ἴ

481 4194 633 4265 sumpserit
644 4230 1327 4250 ....................
1352 4189 1389 4243 32
1500 4201 1501 4204 ’

429 4285 458 4340 O.
487 4284 561 4339 Num
573 4284 768 4340 Aristaenetus
778 4284 888 4352 reliqua
903 4300 1015 4352 qnoque
1029 4283 1136 4353 scripta
1145 4281 1334 4336 Philostratea
1500 4259 1501 4284 ¹

446 4443 448 4450 Ι
481 4374 650 4444 expresserit
679 4409 1326 4428 ...................
1351 4367 1389 4422 50

722 4551 933 4582 ...qu-...-
