3020 5104
620 340 663 404 45

184 539 301 622 ’μήλοο
328 538 429 617 μικρὸν
458 533 616 598 ἀποδακὼν
644 530 796 620 εὐστόχως
822 531 973 618 ήκόντισεν
1003 530 1045 605 είς
1068 537 1117 598 τδν
1139 535 1252 599 κόλπον

186 642 316 728 ἐκείνης.
363 638 383 726 ή
407 641 439 704 δὲ
462 642 614 728 φιλήσασα
637 639 795 725 παρὲβοσε.

8 751 139 814 Potum
163 747 246 813 huno
265 747 370 812 locum
389 746 628 812 Aristaenetum
653 747 794 812 Lucieno
818 746 936 812 debere
960 746 1024 812 iarn
1049 763 1147 831 supra
1171 743 1252 809 dixi·

11 855 141 940 mus31)
174 874 278 937 neque
307 861 415 918 tamen
444 853 576 917 dubium
605 862 654 918 est
686 853 764 935 quin
788 852 1011 920 Aristaenetus
1040 852 1141 918 etiarn
1166 851 1251 917 hune

14 961 217 1028 Philostrati
242 962 344 1026 locum
368 961 534 1027 noverit:

108 1070 215 1151 imag.
232 1067 246 1132 1
262 1066 298 1141 ς’;
331 1065 348 1132 ὁ
372 1072 425 1153 μὲν
449 1070 506 1151 γὰρ
531 1068 580 1131 διά
604 1069 718 1153 μήλοο
741 1055 896 1140 παίζοντος
909 1068 1007 1130 addon
1020 1065 1157 1153 ἄρχεται,
1183 1064 1255 1134 tna

188 1177 279 1261 ὃμὲν
308 1174 415 1261 ἀφίησι
442 1176 571 1261 φιλήσας
598 1180 632 1238 τὸ
661 1176 768 1261 μήλον,
797 1175 813 1238 δ
842 1174 873 1237 δὲ
896 1170 969 1238 αίιτδ
993 1169 1167 1259 ἀποδέχεται
1191 1181 1258 1246 ταῖς

188 1287 275 1369 χερσί
299 1283 389 1366 δήλον
414 1280 454 1354 ὡς
479 1279 686 1369 ἀντιφιλήσων.

476 1440 656 1525 Epistula
679 1439 811 1506 XXVI.

114 1565 269 1650 Epistula
292 1565 401 1631 XXVI
428 1566 536 1649 magni
566 1574 616 1630 est
643 1565 795 1630 momenti
823 1564 866 1629 ad
891 1571 1030 1632 aetatem
1055 1565 1252 1631 ArIstaeneti

20 1670 222 1754 eruendam3
256 1673 289 1736 in
321 1671 382 1736 hae
416 1673 499 1737 enim
533 1671 673 1757 epistula
701 1670 908 1752 Garamanta)
940 1673 1029 1736 mimi
1060 1672 1179 1736 mentio
1212 1671 1259 1748 fit,

20 1779 79 1861 qui
107 1777 236 1844 Sidonii
260 1779 457 1863 Apollinaris
487 1778 635 1862 aequalis
663 1777 765 1845 inisse
794 1779 907 1857 fertur;
941 1778 999 1845 sed
1028 1779 1136 1858 etiarn,
1171 1779 1256 1862 quod

23 1886 65 1949 ad
93 1884 219 1950 fontem
243 1865 368 1966 attinet,x
407 1892 551 1952 nostram
581 1885 804 1969 quaestionem
832 1885 914 1952 haee
938 1885 1077 1970 epistula
1100 1907 1163 1950 uno
1187 1884 1258 1952 loeo

25 1992 175 2069 adiuvat,
201 2012 263 2076 quo
279 1993 503 2060 Aristaenetus
528 1993 598 2058 sine
622 1992 719 2058 dubio
735 1992 923 2058 Philostrati
938 1994 1091 2060 meminit.
1136 1994 1257 2058 Auctor

24 2099 187 2164 describit
219 2099 424 2164 saltationem
453 2098 662 2164 artificiosam
690 2099 820 2184 puellae
849 2105 881 2164 et
909 2100 1058 2183 plausum
1086 2099 1256 2165 clamores·

25 2226 92 2288 que
117 2206 332 2290 spectantium
355 2205 406 2271 hIs
430 2207 552 2272 verhIs:

193 2309 209 2376 ὁ
238 2315 269 2376 δε
301 2315 397 2400 δήμος
429 2312 585 2399 ἀνὲστήκὲ
616 2337 647 2378 τε
680 2312 774 2399 ὀρθὸς
807 2310 862 2377 ὑπὸ
894 2318 1051 2400 θαὺματος
1079 2319 1131 2378 καὶ
1159 2320 1262 2401 φωνὰς

195 2418 355 2505 ἀμοιβαίας
388 2418 508 2506 ἀφίησιν
534 2419 673 2508 ἐμμελῶς
699 2425 753 2483 καὶ
778 2425 822 2484 τὼ
850 2430 951 2507 χεῖρε
983 2431 1077 2485 κινεῖ
1105 2426 1166 2486 καὶ
1198 2427 1261 2508 τήν

193 2525 331 2612 ἐσθῆτα
358 2530 472 2610 σοβεῖ·
503 2529 606 2594 ἔπειτα
629 2532 848 2614 συγκαθήμενοι
872 2529 1009 2616 διηγεῖται
1036 2524 1111 2592 καθ’
1136 2525 1265 2595 ἕκαστον

193 2631 287 2706 ἄλλος
313 2633 398 2717 ἄλλῳ
424 2642 574 2722 κινήματα
601 2638 786 2720 παλιντρόπου
813 2647 897 2721 σιγῆς
919 2639 972 2700 καί
995 2647 1055 2708 πᾶς
1077 2639 1189 2722 θεατής
1213 2633 1262 2724 ὑφ’

194 2736 306 2827 ήδονής
327 2746 505 2826 χειρονομος
527 2739 600 2805 εἶναι
622 2753 768 2825 πειρᾶται,

34 2865 97 2929 qno
122 2845 193 2911 loco
218 2847 440 2912 Aristaenetus
464 2848 628 2932 copiosius
653 2867 733 2912 sane
757 2847 908 2933 explicat,
933 2846 1019 2930 quod
1044 2847 1132 2932 apud
1151 2846 1260 2912 Philo-

35 2959 169 3018 stratum
193 2952 289 3036 legit:

125 3059 219 3141 imag.
244 3058 274 3124 II
294 3059 330 3134 ξε
369 3064 458 3144 βοῶσι
485 3071 554 3143 γοῦν
582 3060 844 3147 ἀναπηδήσαντες
869 3070 927 3125 τῶν
950 3062 1055 3126 θάκων
1083 3065 1136 3125 καί
1159 3063 1187 3126 οἳ
1210 3067 1260 3148 μὲν

194 3171 240 3232 τὼ
262 3177 362 3254 χεῖρε
385 3169 567 3246 ἀνασείουσι,
592 3168 620 3232 οἳ
643 3169 758 3253 δὲτὴν
782 3169 936 3254 ἐσδήτα,
961 3168 989 3232 οἳ
1012 3169 1043 3231 δὲ
1059 3167 1188 3253 αἴρονται
1203 3168 1262 3232 ἀπὸ

195 3286 248 3360 τής
270 3286 335 3360 γής,
359 3276 387 3339 οἳ
409 3277 440 3338 δὲ
463 3287 526 3347 τοῖς
548 3279 675 3359 πλησίον
698 3273 801 3358 ἱλαρὸν
825 3279 1086 3359 προσπαλαίοοσιν.

472 3435 651 3519 Epistula
674 3435 828 3502 XXVII.

130 3557 164 3623 In
191 3558 284 3623 Initio
313 3558 472 3645 epistulae
495 3558 618 3625 XXVII
652 3561 877 3627 vestimentum
904 3561 994 3627 varie
1021 3562 1181 3644 virgatum
1215 3560 1262 3624 sio

44 3665 244 3732 describitur:

197 3775 362 3857 θερίστριον
384 3778 516 3839 ποικίλον
538 3785 604 3848 ταῖς
627 3774 686 3840 ἀπδ
710 3777 879 3860 κερκίδος
902 3786 1065 3862 γραφαῖς.

134 3896 283 3962 Similiter
307 3897 522 3964 Philostratus
546 3901 578 3964 in

132 4005 225 4088 imag.
250 4003 281 4070 II
299 4003 332 4072 s':
373 4003 458 4090 ήδεῖα
494 4009 525 4070 δὲ
558 4019 596 4094 πή
635 4007 779 4092 ἀναξυρίδι
811 4013 864 4074 καί
899 4005 1090 4093 παρεχομένῃ
1124 4009 1264 4092 γραφὰς

199 4112 266 4177 ἀπδ
289 4113 465 4198 κερκίδος.

136 4237 166 4302 1ο
194 4237 307 4303 eadem
336 4239 476 4325 epistula
504 4238 726 4307 Aristaenetus
754 4239 787 4304 in
816 4240 960 4306 eruribus
988 4237 1163 4304 laudandis
1192 4257 1261 4302 cum

56 4343 236 4410 Philostrato
260 4346 435 4430 consentit3
460 4345 624 4410 conferas:

138 4521 159 4589 ¹)
175 4522 215 4579 CI.
236 4541 301 4594 pag.
320 4522 409 4588 netad.

138 4609 158 4679 ¹)
174 4611 215 4668 cf.
234 4631 299 4684 pag.
320 4611 344 4665 1.
