3020 5104
822 331 866 394 48

767 421 853 426 ----
872 419 952 428 --ο

391 523 497 612 ἡμὲν
530 528 595 609 γὰρ
624 528 718 611 πηγὴ
746 529 874 611 γράφει
897 528 956 590 τὸν
986 521 1206 608 Νάρκισσον,
1241 521 1334 610 ἡδὲ
1362 529 1471 609 spart,

390 636 452 696 καὶ
475 636 539 718 τὴν
563 635 680 717 πηγὴν
703 635 765 694 καὶ
787 636 848 696 τὸν
875 628 1084 714 Νάρκισσον
1112 628 1186 696 οἷον
1215 632 1393 717 διψῶντα
1423 639 1472 692 τοι

390 741 560 810 κάλλους.

234 861 356 928 Contra
380 863 519 946 legimus
543 861 630 948 apud
654 854 885 928 Philostratum
909 864 941 927 in

322 970 419 1051 imag.
453 968 547 1050 Ικγί
590 967 609 1056 ἡ
644 974 703 1056 μὲν
735 975 830 1056 πηγὴ
864 977 990 1058 γράρει
1022 974 1079 1035 τὸν
1117 967 1353 1054 Νάρκισσον,
1399 967 1421 1055 κ’,
1450 971 1478 1032 δὲ

393 1080 512 1164 γραφὴ
537 1080 598 1162 τὴν
622 1081 738 1162 πηγὴν
761 1082 823 1142 καὶ
847 1080 888 1142 τὰ
911 1087 971 1142 τοῦ
996 1075 1203 1160 Ναρκίσσου
1228 1081 1367 1154 πάντα,

233 1206 266 1266 et
292 1200 352 1266 sub
376 1199 472 1266 finem
495 1198 640 1267 eiusdem
664 1201 830 1283 imaginis:

395 1325 542 1411 ἐφέστηκε
565 1329 622 1410 γὰρ
646 1329 680 1390 τὸ
705 1330 856 1412 μειράκιον
879 1323 961 1391 ὕδατι
984 1323 1096 1410 ἑστῶτι,
1122 1328 1236 1418 μᾶλλον
1260 1329 1292 1390 δὲ
1312 1325 1479 1398 ἀτενίζοντ.

393 1432 426 1504 ἐς
449 1430 520 1497 αὐτὸ
544 1436 597 1495 καὶ
620 1430 681 1497 οἷον
704 1434 849 1520 διψῶντι
870 1442 932 1498 τοῦ
954 1434 1123 1506 κάλλους.

323 1556 366 1621 At
388 1556 483 1641 plura
506 1555 655 1640 exempla
674 1557 865 1622 imitationis
885 1567 974 1622 certa
993 1556 1122 1640 quidem
1143 1565 1335 1639 argumenta
1361 1557 1481 1621 afferri

236 1671 410 1745 nequeunt3
445 1661 504 1728 sed
535 1670 634 1728 totum
668 1683 771 1746 genus
796 1662 1024 1747 descriptionis
1057 1665 1090 1727 in
1113 1662 1176 1728 hae
1205 1663 1348 1748 epistula
1380 1663 1481 1728 inter·

235 1769 457 1852 rogationibus
489 1769 645 1853 inspersis
679 1777 711 1835 et
743 1769 1043 1854 compellationibus
1084 1769 1240 1835 adhibitis
1280 1776 1332 1835 est
1373 1771 1481 1854 plane

235 1873 495 1953 Philostrateum,
520 1875 606 1958 quod
632 1877 850 1966 unusquisque
875 1877 1021 1960 senserit,
1045 1876 1100 1959 qui
1116 1875 1305 1941 Philostrati
1320 1876 1477 1960 aliquam

236 1982 410 2065 imaginem
435 1990 467 2047 et
490 1982 573 2047 hanc
597 1983 769 2067 epistulam
794 1983 950 2068 deinceps
973 1983 1073 2066 legat.
1120 1983 1193 2049 Non
1216 1981 1335 2050 desunt
1360 1992 1479 2048 tamen

235 2089 376 2172 vestigia
408 2109 493 2172 quae
527 2090 733 2175 comprobent
765 2091 1005 2156 Aristaenetum
1042 2091 1140 2155 etiam
1178 2089 1262 2156 alias
1306 2089 1477 2174 imagines

236 2196 423 2262 Philostrati
462 2198 679 2281 expressisse;
717 2217 791 2261 nam
829 2196 916 2280 quod
952 2197 993 2261 dc
1030 2196 1130 2262 labris
1171 2195 1215 2261 ad
1254 2197 1479 2262 osculandum

236 2303 371 2369 maturis
395 2303 549 2386 loquitur:

394 2432 502 2516 χείλη
531 2434 583 2516 μὲν
613 2433 709 2516 φαίνει
733 2429 861 2514 ὡραῖα,
892 2423 965 2494 ἀλλ’
996 2425 1050 2493 οὐκ
1079 2427 1241 2492 ἀποδίδωσι
1273 2433 1323 2493 τὸν
1356 2431 1480 2513 καρπὸν

395 2546 446 2600 τοῦ
470 2538 621 2622 φιλῆσαι

237 2659 316 2723 nihil
344 2658 434 2722 aliud
458 2670 508 2724 est
531 2660 593 2724 nisi
627 2659 713 2743 quod
741 2659 955 2724 Philostratus
984 2660 1017 2722 in
1041 2659 1182 2742 imagine
1205 2659 1237 2721 ΙΙ
1253 2659 1274 2722 ε’
1308 2657 1412 2724 dicit:

396 2772 495 2853 στόμα
518 2765 684 2854 ἀνάμεστον
708 2765 828 2851 ὀπώρας
852 2765 1005 2853 ἐρωτικῆς,

240 2880 349 2939 cetera
372 2873 487 2938 rerba:
521 2877 642 2960 χείλη,
672 2874 817 2958 ὡραῖος,
844 2877 1010 2962 φιλῆσαι,
1043 2871 1109 2936 alio
1132 2871 1263 2955 quidem
1286 2891 1424 2938 conexu
1446 2873 1479 2936 in

237 2981 295 3044 illa
318 2980 460 3063 imagine
484 2986 667 3064 occurrunt,
698 2981 755 3046 sed
785 2981 817 3044 in
847 3000 887 3046 ea
911 3000 1007 3063 quam
1036 2979 1263 3044 Aristaenetus
1287 2977 1477 3044 identidem
1501 3033 1502 3066 ,

238 3087 434 3171 compilavit.

329 3215 463 3278 Amores
488 3219 600 3277 auctor
624 3212 783 3297 appellat:
885 3273 887 3278 .

398 3325 638 3406 χρυσάπτεροι
662 3321 773 3394 παῖδες,

242 3426 390 3491 similiter
413 3436 510 3508 atque
534 3425 749 3490 Philostratus
772 3426 805 3488 in
829 3425 925 3507 imag.
950 3424 1016 3498 Ic':

399 3537 494 3617 πτερὰ
517 3545 615 3620 χρυσᾶ
638 3533 718 3610 (scil.
742 3529 903 3618 Ἐρώτων).

331 3658 486 3722 Similiter
510 3655 648 3740 denique
672 3658 714 3722 ab
738 3666 872 3740 utroque
896 3656 1006 3723 vivida
1030 3655 1182 3739 imaginis
1202 3652 1283 3720 fides
1304 3661 1338 3721 et
1360 3655 1480 3721 simili-

242 3763 320 3829 tudo
345 3763 550 3845 dcsoribitur;
576 3764 799 3829 Aristaenetus
824 3765 870 3829 sic
896 3764 1031 3830 iudicat:
1500 3851 1501 3854 Ἴ

400 3875 452 3936 καὶ
476 3869 566 3942 εἴποις
589 3869 625 3934 ἂν
648 3871 688 3944 ως
721 3868 766 3934 ἐπ’
791 3871 890 3955 ἄκρων
912 3883 969 3935 των
991 3873 1116 3957 χειλέων
1140 3873 1299 3953 προκυπτει
1316 3890 1364 3940 τις
1384 3873 1479 3950 λόγος

399 3981 451 4041 καὶ
475 3977 545 4041 ὅσον
568 3973 650 4041 οὔπω
673 3987 727 4042 που
751 3983 898 4064 στόματος
922 3975 1085 4066 taschub,
1109 3995 1193 4058 quae
1217 3972 1369 4041 conferas
1401 3997 1475 4041 cum

331 4102 413 4169 Phil.
438 4102 534 4183 imag.
559 4100 644 4174 Ικζι
686 4105 786 4184 βουλει
820 4105 929 4189 μαθεῖν
953 4101 969 4167 ὅ
990 4125 1016 4168 τι
1039 4105 1131 4182 λέγει·
1166 4102 1251 4165 δοκεῖ
1271 4105 1328 4183 γάρ
1353 4123 1408 4184 μοι
1431 4109 1474 4188 μὴ

401 4219 503 4295 ιρωνής
528 4213 615 4293 μόνον
640 4207 794 4273 ἀλλὰκαὶ
819 4212 909 4292 λόγου
932 4231 956 4273 τι
980 4207 1137 4295 ἐπιδηλοῠν
1159 4219 1203 4291 τῷ
1226 4211 1389 4290 προσώπῳ.

331 4422 353 4490 1)
372 4422 413 4477 uf.
434 4422 589 4478 Crusium
614 4422 650 4477 ad
678 4422 840 4478 Herondam
868 4439 933 4492 pag.
952 4423 987 4476 82
1007 4439 1047 4490 sq.
1085 4420 1207 4476 Herond.
1227 4419 1266 4474 IV
1282 4420 1328 4473 32:
1359 4415 1408 4471 εἴτι
1429 4421 1469 4491 μὴ

241 4509 317 4572 λίθος
336 4507 447 4581 τοῦργον,
467 4509 531 4582 ἐρεῖς
549 4507 681 4581 λαλήσειν.
721 4512 835 4569 Anthol.
854 4511 944 4567 Palat.
964 4509 1011 4566 Vl.
1026 4511 1092 4566 352:
1121 4506 1212 4560 ταύταν
1230 4513 1297 4577 γοῦν,
1309 4504 1409 4579 ἐτύμως
1426 4512 1471 4560 τὰν

242 4600 366 4671 παρθένον
386 4597 450 4662 ὅστις
470 4598 576 4671 ἔγραψεν
595 4597 621 4652 αἰ
640 4597 735 4652 subdar
754 4598 886 4672 κατέθηκ’,
906 4594 939 4669 ἧς
957 4597 983 4650 κ’
1003 4598 1172 4670 Ἀγαθαρχὶς
1191 4595 1247 4648 ὅλα.
